00100000         2166944650001200009731870126       01633000000007151070FUNDACAO DE ENSINO DE CONTAGEMBANCO DO BRASIL S/A                     11005202400000000177900000000                                                                     
00100011C9803031 2166944650001200009731870126       01633000000007151070FUNDACAO DE ENSINO DE CONTAGEM                                                                                                                                          
0010001300001A000018104016670007555164320 JAIR RODRIGUES DE OLIVEIRA                        15052024BRL000000000000000000000000016200                    00000000000000000000000                                                    0          
0010001300002B   100062115251687                                                                                               10052024000000000000000000000000000000000000000000000000000000000000000000000000000               0      00000000
0010001300003A000018104000820000645826364 PEDRO ACACIO VENTURA                              15052024BRL000000000000000000000000016200                    00000000000000000000000                                                    0          
0010001300004B   100000122420632                                                                                               10052024000000000000000000000000000000000000000000000000000000000000000000000000000               0      00000000
0010001300005A000018104000820000004471325 RENATA GUIMARAES DE ALMEIDA                       15052024BRL000000000000000000000000016200                    00000000000000000000000                                                    0          
0010001300006B   100001173038604                                                                                               10052024000000000000000000000000000000000000000000000000000000000000000000000000000               0      00000000
0010001300007A00001810400085850007756277288 CACILDA CEZAR DA SILVA                            15052024BRL000000000000000000000000013500                    00000000000000000000000                                                    0          
0010001300008B   100002625743654                                                                                               10052024000000000000000000000000000000000000000000000000000000000000000000000000000               0      00000000
0010001300009A000018104042160000000032902 EVERTON FERNANDO LOPES ASSIS                      15052024BRL000000000000000000000000013500                    00000000000000000000000                                                    0          
0010001300010B   100002002724628                                                                                               10052024000000000000000000000000000000000000000000000000000000000000000000000000000               0      00000000
0010001300011A0000182370221280000000263370 LUIZETE BAHIA DA SILVA OLIVEIR                    15052024BRL000000000000000000000000013500                    00000000000000000000000                                                    0          
0010001300012B   100003912802602                                                                                               10052024000000000000000000000000000000000000000000000000000000000000000000000000000               0      00000000
0010001300013A000018104008930007640123772 MARCIA CRISTINA DA SILVA                          15052024BRL000000000000000000000000013500                    00000000000000000000000                                                    0          
0010001300014B   100089110188649                                                                                               10052024000000000000000000000000000000000000000000000000000000000000000000000000000               0      00000000
0010001300015A000018341013990000000112745 NILZA CRISTINA RAIMINDO                           15052024BRL000000000000000000000000013500                    00000000000000000000000                                                    0          
0010001300016B   100078833493687                                                                                               10052024000000000000000000000000000000000000000000000000000000000000000000000000000               0      00000000
0010001300017A000018104015290008342641242 ROSA MARIA DE OLIVEIRA SANTOS                     15052024BRL000000000000000000000000013000                    00000000000000000000000                                                    0          
0010001300018B   100004351091622                                                                                               10052024000000000000000000000000000000000000000000000000000000000000000000000000000               0      00000000
0010001300019A000018104000830007719428723 URIAS MAGNO CALDEIRA BRAGA                        15052024BRL000000000000000000000000013500                    00000000000000000000000                                                    0          
0010001300020B   100010772351600                                                                                               10052024000000000000000000000000000000000000000000000000000000000000000000000000000               0      00000000
0010001300021A000018104008930008569781073 VINICIUS PEREIRA CHAVES                           15052024BRL000000000000000000000000013500                    00000000000000000000000                                                    0          
0010001300022B   100002062877633                                                                                               10052024000000000000000000000000000000000000000000000000000000000000000000000000000               0      00000000
0010001300023A000018341038040000000134546 DAMARIS APARECIDA DOS REIS OLI                    15052024BRL000000000000000000000000013500                    00000000000000000000000                                                    0          
0010001300024B   100068170270634                                                                                               10052024000000000000000000000000000000000000000000000000000000000000000000000000000               0      00000000
0010001300025A000018104035530007635091060 JANETE BRASILINO MARQUES                          15052024BRL000000000000000000000000013500                    00000000000000000000000                                                    0          
0010001300026B   100007971216688                                                                                               10052024000000000000000000000000000000000000000000000000000000000000000000000000000               0      00000000
0010001300027A000018104028370007636278910 ROSEMEIRE SILVESTRE DA SILVA                      15052024BRL000000000000000000000000013500                    00000000000000000000000                                                    0          
0010001300028B   100015984557886                                                                                               10052024000000000000000000000000000000000000000000000000000000000000000000000000000               0      00000000
0010001300029A000018104038800009147014534 SILVIA SIBERIA SOUZA  GOMES                       15052024BRL000000000000000000000000013000                    00000000000000000000000                                                    0          
0010001300030B   100009731319697                                                                                               10052024000000000000000000000000000000000000000000000000000000000000000000000000000               0      00000000
0010001300031A000018104015290000000095584 ANDREIA MOREIRA PASSOS                            15052024BRL000000000000000000000000013500                    00000000000000000000000                                                    0          
0010001300032B   100000227647637                                                                                               10052024000000000000000000000000000000000000000000000000000000000000000000000000000               0      00000000
0010001300033A000018104048610007685807360 ANGELA MARIA RIBEIRO REIS                         15052024BRL000000000000000000000000013500                    00000000000000000000000                                                    0          
0010001300034B   100084275669649                                                                                               10052024000000000000000000000000000000000000000000000000000000000000000000000000000               0      00000000
0010001300035A000018104029230007722095675 ARIADINA MARIA DOS SANTOS VIAN                    15052024BRL000000000000000000000000013500                    00000000000000000000000                                                    0          
0010001300036B   100003898221679                                                                                               10052024000000000000000000000000000000000000000000000000000000000000000000000000000               0      00000000
0010001300037A000018104038800009173662947 CRISTIANE FRANCISCA FERREIRA B                    15052024BRL000000000000000000000000013500                    00000000000000000000000                                                    0          
0010001300038B   100004264740665                                                                                               10052024000000000000000000000000000000000000000000000000000000000000000000000000000               0      00000000
0010001300039A000018104008930000002821263 DEBORA DA SILVA SANTOS ARAUJO                     15052024BRL000000000000000000000000013500                    00000000000000000000000                                                    0          
0010001300040B   100004656138614                                                                                               10052024000000000000000000000000000000000000000000000000000000000000000000000000000               0      00000000
0010001300041A000018104029400008543273453 SILMONE DE PAULO SILVA                            15052024BRL000000000000000000000000013000                    00000000000000000000000                                                    0          
0010001300042B   100091386489620                                                                                               10052024000000000000000000000000000000000000000000000000000000000000000000000000000               0      00000000
0010001300043A000018104015290000773657216 ADINALVA ESTEVES DE JESUS                         15052024BRL000000000000000000000000013500                    00000000000000000000000                                                    0          
0010001300044B   100095300023604                                                                                               10052024000000000000000000000000000000000000000000000000000000000000000000000000000               0      00000000
0010001300045A000018104038800009485700674 DAYSEANE PESSOA PEREIRA                           15052024BRL000000000000000000000000013500                    00000000000000000000000                                                    0          
0010001300046B   100005546409614                                                                                               10052024000000000000000000000000000000000000000000000000000000000000000000000000000               0      00000000
0010001300047A000018104014600007699864574 GENILSON DA SILVA SOUZA                           15052024BRL000000000000000000000000013500                    00000000000000000000000                                                    0          
0010001300048B   100000240792602                                                                                               10052024000000000000000000000000000000000000000000000000000000000000000000000000000               0      00000000
0010001300049A000018104029400000000077613 NILTON DE JESUS OLIVEIRA                          15052024BRL000000000000000000000000013500                    00000000000000000000000                                                    0          
0010001300050B   100049877836653                                                                                               10052024000000000000000000000000000000000000000000000000000000000000000000000000000               0      00000000
0010001300051A000018104037970007907519021 AMANDA RODRIGUES DA SILVA                         15052024BRL000000000000000000000000013500                    00000000000000000000000                                                    0          
0010001300052B   100001942755660                                                                                               10052024000000000000000000000000000000000000000000000000000000000000000000000000000               0      00000000
0010001300053A000018104015290007662867952 DEVAIR RODRIGUES DE ARAUJO                        15052024BRL000000000000000000000000013500                    00000000000000000000000                                                    0          
0010001300054B   100074611488691                                                                                               10052024000000000000000000000000000000000000000000000000000000000000000000000000000               0      00000000
0010001300055A000018104015290008221873525 EDIMEIA MARIA DE JESUS                            15052024BRL000000000000000000000000013500                    00000000000000000000000                                                    0          
0010001300056B   100065968000678                                                                                               10052024000000000000000000000000000000000000000000000000000000000000000000000000000               0      00000000
0010001300057A000018104037970000000009690 ELAINE ARAUJO DA SILVA RODRIGU                    15052024BRL000000000000000000000000013500                    00000000000000000000000                                                    0          
0010001300058B   100004706259614                                                                                               10052024000000000000000000000000000000000000000000000000000000000000000000000000000               0      00000000
0010001300059A000018104015290007699663145 MARILIA JOZINA CARREIRO                           15052024BRL000000000000000000000000013500                    00000000000000000000000                                                    0          
0010001300060B   100001478894644                                                                                               10052024000000000000000000000000000000000000000000000000000000000000000000000000000               0      00000000
0010001300061A000018104008930000002539886 MARA RUBIA APARECIDA GLICERIO                     15052024BRL000000000000000000000000013500                    00000000000000000000000                                                    0          
0010001300062B   100003208120656                                                                                               10052024000000000000000000000000000000000000000000000000000000000000000000000000000               0      00000000
0010001300063A000018104038800009430951195 RAQUEL TIRONE SILVERIO MATOS                      15052024BRL000000000000000000000000013500                    00000000000000000000000                                                    0          
0010001300064B   100008324811656                                                                                               10052024000000000000000000000000000000000000000000000000000000000000000000000000000               0      00000000
0010001300065A000018104000850007756271247 SIBELE RODRIGUES CIPRIANO                         15052024BRL000000000000000000000000013500                    00000000000000000000000                                                    0          
0010001300066B   100081339348691                                                                                               10052024000000000000000000000000000000000000000000000000000000000000000000000000000               0      00000000
0010001300067A000018104015290008568722880 SONIA MARIA DOS SANTOS LOURENC                    15052024BRL000000000000000000000000013500                    00000000000000000000000                                                    0          
0010001300068B   100084214805615                                                                                               10052024000000000000000000000000000000000000000000000000000000000000000000000000000               0      00000000
0010001300069A000018104038800008882679428 BRENO MARTINS DA CRUZ                             15052024BRL000000000000000000000000013500                    00000000000000000000000                                                    0          
0010001300070B   100013874114627                                                                                               10052024000000000000000000000000000000000000000000000000000000000000000000000000000               0      00000000
0010001300071A000018104008930000002642962 MARINETE COSTA LOPES                              15052024BRL000000000000000000000000013500                    00000000000000000000000                                                    0          
0010001300072B   100006741453644                                                                                               10052024000000000000000000000000000000000000000000000000000000000000000000000000000               0      00000000
0010001300073A000018104000920000000170430 NILZA TEODORO DE SANTANA                          15052024BRL000000000000000000000000013500                    00000000000000000000000                                                    0          
0010001300074B   100080796311668                                                                                               10052024000000000000000000000000000000000000000000000000000000000000000000000000000               0      00000000
0010001300075A000018104008930008685843012 SUELY TEODORO SANTANA                             15052024BRL000000000000000000000000013500                    00000000000000000000000                                                    0          
0010001300076B   100003179873647                                                                                               10052024000000000000000000000000000000000000000000000000000000000000000000000000000               0      00000000
0010001300077A000018104000830007645792664 ERIKA NATALIA DE SEIXAS                           15052024BRL000000000000000000000000013500                    00000000000000000000000                                                    0          
0010001300078B   100008110667627                                                                                               10052024000000000000000000000000000000000000000000000000000000000000000000000000000               0      00000000
0010001300079A000018104015290000001070690 FERNANDA BATISTA PEREIRA DA PA                    15052024BRL000000000000000000000000013500                    00000000000000000000000                                                    0          
0010001300080B   100007135146638                                                                                               10052024000000000000000000000000000000000000000000000000000000000000000000000000000               0      00000000
0010001300081A000018104041570007683430286 JESSICA DE FREITAS CALDEIRA                       15052024BRL000000000000000000000000013500                    00000000000000000000000                                                    0          
0010001300082B   100011397072644                                                                                               10052024000000000000000000000000000000000000000000000000000000000000000000000000000               0      00000000
0010001300083A000018104014220007962146630 MARCELLE RESENDE ANRAKU                           15052024BRL000000000000000000000000013500                    00000000000000000000000                                                    0          
0010001300084B   100014979392679                                                                                               10052024000000000000000000000000000000000000000000000000000000000000000000000000000               0      00000000
0010001300085A000018104024270007722628460 MARIA CECILIA FIRMINO PEREIRA                     15052024BRL000000000000000000000000013500                    00000000000000000000000                                                    0          
0010001300086B   100091616972653                                                                                               10052024000000000000000000000000000000000000000000000000000000000000000000000000000               0      00000000
0010001300087A000018104016390008600520493 NATALIA MIRANDA PALHARES                          15052024BRL000000000000000000000000013500                    00000000000000000000000                                                    0          
0010001300088B   100010604337612                                                                                               10052024000000000000000000000000000000000000000000000000000000000000000000000000000               0      00000000
0010001300089A000018260000010000825717377 BRENO TIAGO MARTINS DE SOUZA                      15052024BRL000000000000000000000000013500                    00000000000000000000000                                                    0          
0010001300090B   100070111810671                                                                                               10052024000000000000000000000000000000000000000000000000000000000000000000000000000               0      00000000
0010001300091A000000001036102000000043115X FLORENCA APARECIDA PROCOPIO DE                    15052024BRL000000000000000000000000013500                    00000000000000000000000                                                    0          
0010001300092B   100011321959699                                                                                               10052024000000000000000000000000000000000000000000000000000000000000000000000000000               0      00000000
0010001300093A000018104008930000869865576 JESSICA CARMELINA GONCALVES DE                    15052024BRL000000000000000000000000013000                    00000000000000000000000                                                    0          
0010001300094B   100010889472637                                                                                               10052024000000000000000000000000000000000000000000000000000000000000000000000000000               0      00000000
0010001300095A000018104008930000000225477 JULIANA IZABEL DA SILVA                           15052024BRL000000000000000000000000013500                    00000000000000000000000                                                    0          
0010001300096B   100009809388640                                                                                               10052024000000000000000000000000000000000000000000000000000000000000000000000000000               0      00000000
0010001300097A000018104015290000000518116 MARIA GERALDA OTONE GUIMARAES                     15052024BRL000000000000000000000000013500                    00000000000000000000000                                                    0          
0010001300098B   100078814014604                                                                                               10052024000000000000000000000000000000000000000000000000000000000000000000000000000               0      00000000
0010001300099A000018104015320000000180669 BRENO GONCALVES FERREIRA                          15052024BRL000000000000000000000000013000                    00000000000000000000000                                                    0          
0010001300100B   100008066390670                                                                                               10052024000000000000000000000000000000000000000000000000000000000000000000000000000               0      00000000
0010001300101A000018104000830000000243757 ADRIANA CELIA DE OLIVEIRA                         15052024BRL000000000000000000000000013500                    00000000000000000000000                                                    0          
0010001300102B   100096989696672                                                                                               10052024000000000000000000000000000000000000000000000000000000000000000000000000000               0      00000000
0010001300103A000018104008930007726052261 CASSIA DA SILVA DA CRUZ                           15052024BRL000000000000000000000000013500                    00000000000000000000000                                                    0          
0010001300104B   100003915393614                                                                                               10052024000000000000000000000000000000000000000000000000000000000000000000000000000               0      00000000
0010001300105A000018104008150008577968497 EDUARDO DA SILVA PEREIRA                          15052024BRL000000000000000000000000013000                    00000000000000000000000                                                    0          
0010001300106B   100004996485604                                                                                               10052024000000000000000000000000000000000000000000000000000000000000000000000000000               0      00000000
0010001300107A000018104000810000009424753 FABIANA CRISTINA BORGES CUNHA                     15052024BRL000000000000000000000000013500                    00000000000000000000000                                                    0          
0010001300108B   100005438048606                                                                                               10052024000000000000000000000000000000000000000000000000000000000000000000000000000               0      00000000
0010001300109A000018104000820008585495896 JAQUELINE CONCEICAO DE OLIVEIR                    15052024BRL000000000000000000000000013500                    00000000000000000000000                                                    0          
0010001300110B   100002771936640                                                                                               10052024000000000000000000000000000000000000000000000000000000000000000000000000000               0      00000000
0010001300111A000018104016390000000008361 LIDIA CRISTIANE FERNANDES NOGU                    15052024BRL000000000000000000000000013500                    00000000000000000000000                                                    0          
0010001300112B   100007291636604                                                                                               10052024000000000000000000000000000000000000000000000000000000000000000000000000000               0      00000000
0010001300113A000018104000820000002311509 MARIANGELA SOARES DOS SANTOS                      15052024BRL000000000000000000000000013000                    00000000000000000000000                                                    0          
0010001300114B   100003187561616                                                                                               10052024000000000000000000000000000000000000000000000000000000000000000000000000000               0      00000000
0010001300115A000018104041570000000427168 MARILENE DOS SANTOS VIEIRA                        15052024BRL000000000000000000000000013500                    00000000000000000000000                                                    0          
0010001300116B   100076264122653                                                                                               10052024000000000000000000000000000000000000000000000000000000000000000000000000000               0      00000000
0010001300117A000018104000820008611752650 PRISCILA DE OLIVEIRA PAULINO S                    15052024BRL000000000000000000000000013500                    00000000000000000000000                                                    0          
0010001300118B   100006002100652                                                                                               10052024000000000000000000000000000000000000000000000000000000000000000000000000000               0      00000000
0010001300119A000018104008930000002422172 SANDRA MARIA ACCACIO                              15052024BRL000000000000000000000000013500                    00000000000000000000000                                                    0          
0010001300120B   100057498954672                                                                                               10052024000000000000000000000000000000000000000000000000000000000000000000000000000               0      00000000
0010001300121A000018341069600000000230941 ZELIA PEREIRA DA SILVA                            15052024BRL000000000000000000000000026100                    00000000000000000000000                                                    0          
0010001300122B   100081304447634                                                                                               10052024000000000000000000000000000000000000000000000000000000000000000000000000000               0      00000000
0010001300123A000018104029400007734354093 CARLOS ANTONIO DE LIMA                            15052024BRL000000000000000000000000013500                    00000000000000000000000                                                    0          
0010001300124B   100051947323687                                                                                               10052024000000000000000000000000000000000000000000000000000000000000000000000000000               0      00000000
0010001300125A000018104016390008552458754 KEVILIN WAGNER DA CRUZ MOURA                      15052024BRL000000000000000000000000013000                    00000000000000000000000                                                    0          
0010001300126B   100011453593616                                                                                               10052024000000000000000000000000000000000000000000000000000000000000000000000000000               0      00000000
0010001300127A000018104008930007652388652 MARIA DE AGUILAR VIEIRA                           15052024BRL000000000000000000000000013000                    00000000000000000000000                                                    0          
0010001300128B   100073593443600                                                                                               10052024000000000000000000000000000000000000000000000000000000000000000000000000000               0      00000000
0010001300129A0000000010303250000000588164 MEIRIELI FABIANA SILVA FAUL                       15052024BRL000000000000000000000000013500                    00000000000000000000000                                                    0          
0010001300130B   100003728693600                                                                                               10052024000000000000000000000000000000000000000000000000000000000000000000000000000               0      00000000
0010001300131A000018104024270007747236370 RAQUEL GOMES DOS SANTOS                           15052024BRL000000000000000000000000013500                    00000000000000000000000                                                    0          
0010001300132B   100090002830604                                                                                               10052024000000000000000000000000000000000000000000000000000000000000000000000000000               0      00000000
0010001300133A000018104008930000000674220 ROSILENE NATIVIDADE PIRES CUNH                    15052024BRL000000000000000000000000013500                    00000000000000000000000                                                    0          
0010001300134B   100000687484693                                                                                               10052024000000000000000000000000000000000000000000000000000000000000000000000000000               0      00000000
0010001300135A000018104029400000000428025 ADERCIDES CARREIRO PINTO FILHO                    15052024BRL000000000000000000000000013500                    00000000000000000000000                                                    0          
0010001300136B   100095734368687                                                                                               10052024000000000000000000000000000000000000000000000000000000000000000000000000000               0      00000000
0010001300137A000018104008930000000042240 JANE COSTA FERREIRA                               15052024BRL000000000000000000000000013500                    00000000000000000000000                                                    0          
0010001300138B   100042086337604                                                                                               10052024000000000000000000000000000000000000000000000000000000000000000000000000000               0      00000000
0010001300139A000018104008930008585804929 MATILDE CASTORINA TINOCO DE SA                    15052024BRL000000000000000000000000013500                    00000000000000000000000                                                    0          
0010001300140B   100075310597620                                                                                               10052024000000000000000000000000000000000000000000000000000000000000000000000000000               0      00000000
0010001300141A000018104029400008551293980 SIMONE SANTOS CARVALHO TEIXEIR                    15052024BRL000000000000000000000000013500                    00000000000000000000000                                                    0          
0010001300142B   100006756041681                                                                                               10052024000000000000000000000000000000000000000000000000000000000000000000000000000               0      00000000
0010001300143A000018104015290008560704912 CATIA APARECIDA DA SILVA                          15052024BRL000000000000000000000000013500                    00000000000000000000000                                                    0          
0010001300144B   100005052272669                                                                                               10052024000000000000000000000000000000000000000000000000000000000000000000000000000               0      00000000
0010001300145A0000000010567900000000961930 ELAINE CRISTINA MARTINS SALLES                    15052024BRL000000000000000000000000013500                    00000000000000000000000                                                    0          
0010001300146B   100002573606627                                                                                               10052024000000000000000000000000000000000000000000000000000000000000000000000000000               0      00000000
0010001300147A0000182370102860000100072246 LUANA MOURA GONCALVES DAMASCEN                    15052024BRL000000000000000000000000013500                    00000000000000000000000                                                    0          
0010001300148B   100009010900690                                                                                               10052024000000000000000000000000000000000000000000000000000000000000000000000000000               0      00000000
0010001300149A000018104015290000000155471 XAIENNE GODOY PELLUCCI MACIEL                     15052024BRL000000000000000000000000013500                    00000000000000000000000                                                    0          
0010001300150B   100010136547656                                                                                               10052024000000000000000000000000000000000000000000000000000000000000000000000000000               0      00000000
0010001300151A000018260000010000431315192 ROSANE DA COSTA SANTOS                            15052024BRL000000000000000000000000013500                    00000000000000000000000                                                    0          
0010001300152B   100009815940694                                                                                               10052024000000000000000000000000000000000000000000000000000000000000000000000000000               0      00000000
0010001300153A000018104008930000002558988 RUBENS ASSIS BATISTA DE SOUZA                     15052024BRL000000000000000000000000013000                    00000000000000000000000                                                    0          
0010001300154B   100075980428615                                                                                               10052024000000000000000000000000000000000000000000000000000000000000000000000000000               0      00000000
0010001300155A000018104016390008536430344 YASMIN ENAILE DE MELO SILVA                       15052024BRL000000000000000000000000013500                    00000000000000000000000                                                    0          
0010001300156B   100013115577680                                                                                               10052024000000000000000000000000000000000000000000000000000000000000000000000000000               0      00000000
00100015         000158000000000001068700000000000000000000000000                                                                                                                                                                               
00199999         000001000160000000                                                                                                                                                                                                             
