00100000         2166944650001200009731870126       01633000000007151070FUNDACAO DE ENSINO DE CONTAGEMBANCO DO BRASIL S/A                     11508202300000000177900000000                                                                     
00100011C9803031 2166944650001200009731870126       01633000000007151070FUNDACAO DE ENSINO DE CONTAGEM                                                                                                                                          
0010001300001A0000180340567910000010250673 ADRIANA FERRAZ MONTEIRO VERONE                    15082023BRL000000000000000000000000009800                    00000000000000000000000                                                    0          
0010001300002B   100063841118615                                                                                               15082023000000000000000000000000000000000000000000000000000000000000000000000000000               0      00000000
0010001300003A0000182380046430000004035403 ALECIO DA SILVA                                   15082023BRL000000000000000000000000007000                    00000000000000000000000                                                    0          
0010001300004B   100007713675620                                                                                               15082023000000000000000000000000000000000000000000000000000000000000000000000000000               0      00000000
0010001300005A0000180770000190000065250133 ALICIA SOARES ANDRADE                             15082023BRL000000000000000000000000007000                    00000000000000000000000                                                    0          
0010001300006B   100015852224618                                                                                               15082023000000000000000000000000000000000000000000000000000000000000000000000000000               0      00000000
0010001300007A0000182370221200000000595918 ANA PAULA DE OLIVEIRA ASSUNCAO                    15082023BRL000000000000000000000000007000                    00000000000000000000000                                                    0          
0010001300008B   100001881650618                                                                                               15082023000000000000000000000000000000000000000000000000000000000000000000000000000               0      00000000
0010001300009A0000180770000190000049767720 ANDREIA LOPES FERREIRA COSTA                      15082023BRL000000000000000000000000007000                    00000000000000000000000                                                    0          
0010001300010B   100009848391606                                                                                               15082023000000000000000000000000000000000000000000000000000000000000000000000000000               0      00000000
0010001300011A0000183410163900000000555737 ANDREIA RESENDE DE OLIVEIRA                       15082023BRL000000000000000000000000009800                    00000000000000000000000                                                    0          
0010001300012B   100027574410860                                                                                               15082023000000000000000000000000000000000000000000000000000000000000000000000000000               0      00000000
0010001300013A0000180330348800000010879891 ATTHOS OLIVEIRA SILVA                             15082023BRL000000000000000000000000007000                    00000000000000000000000                                                    0          
0010001300014B   100012747427650                                                                                               15082023000000000000000000000000000000000000000000000000000000000000000000000000000               0      00000000
0010001300015A0000181040152900008697421177 AYESKA MARCELA DA CRUZ SILVA                      15082023BRL000000000000000000000000009800                    00000000000000000000000                                                    0          
0010001300016B   100011350339601                                                                                               15082023000000000000000000000000000000000000000000000000000000000000000000000000000               0      00000000
0010001300017A0000180330424000000010018819 AZENITA CARDOSO LIMA DE MOURA                     15082023BRL000000000000000000000000009800                    00000000000000000000000                                                    0          
0010001300018B   100046751653620                                                                                               15082023000000000000000000000000000000000000000000000000000000000000000000000000000               0      00000000
0010001300019A0000183230000100036611963290 BRYAN MARQUES BRANDAO DE OLIVE                    15082023BRL000000000000000000000000007000                    00000000000000000000000                                                    0          
0010001300020B   100002268966682                                                                                               15082023000000000000000000000000000000000000000000000000000000000000000000000000000               0      00000000
0010001300021A0000180330094600000010004903 CARLOS EDUARDO SANTOS DE CASTR                    15082023BRL000000000000000000000000009800                    00000000000000000000000                                                    0          
0010001300022B   100099718790691                                                                                               15082023000000000000000000000000000000000000000000000000000000000000000000000000000               0      00000000
0010001300023A0000182600000190000088418047 CIBELLE LUIZA FONSECA DE JESUS                    15082023BRL000000000000000000000000009800                    00000000000000000000000                                                    0          
0010001300024B   100014369409667                                                                                               15082023000000000000000000000000000000000000000000000000000000000000000000000000000               0      00000000
0010001300025A0000181040008100000000466220 CILENE ALBINA DE OLIVEIRA                         15082023BRL000000000000000000000000009800                    00000000000000000000000                                                    0          
0010001300026B   100080152422668                                                                                               15082023000000000000000000000000000000000000000000000000000000000000000000000000000               0      00000000
0010001300027A0000183410062500000000723572 CLERIA MARIA SANTOS FELIX                         15082023BRL000000000000000000000000009800                    00000000000000000000000                                                    0          
0010001300028B   100004955289606                                                                                               15082023000000000000000000000000000000000000000000000000000000000000000000000000000               0      00000000
0010001300029A0000182370049280000000605751 CRISTIANE FERNANDA SOARES COST                    15082023BRL000000000000000000000000009800                    00000000000000000000000                                                    0          
0010001300030B   100003658891645                                                                                               15082023000000000000000000000000000000000000000000000000000000000000000000000000000               0      00000000
0010001300031A0000182370264090000005549434 DANIELA FERNANDA DOS SANTOS PI                    15082023BRL000000000000000000000000009800                    00000000000000000000000                                                    0          
0010001300032B   100005036707664                                                                                               15082023000000000000000000000000000000000000000000000000000000000000000000000000000               0      00000000
0010001300033A0000183410304000000000669081 DANIELLE MUNIZ DE MELO SILVA                      15082023BRL000000000000000000000000009800                    00000000000000000000000                                                    0          
0010001300034B   100008487352693                                                                                               15082023000000000000000000000000000000000000000000000000000000000000000000000000000               0      00000000
0010001300035A0000181040152900000000322238 DENNER SAMUEL FERREIRA PARREIR                    15082023BRL000000000000000000000000009800                    00000000000000000000000                                                    0          
0010001300036B   100011319026613                                                                                               15082023000000000000000000000000000000000000000000000000000000000000000000000000000               0      00000000
0010001300037A0000181040008330000000205401 EDNEIA DO CARMO PRIMEIRO                          15082023BRL000000000000000000000000009800                    00000000000000000000000                                                    0          
0010001300038B   100003569925609                                                                                               15082023000000000000000000000000000000000000000000000000000000000000000000000000000               0      00000000
0010001300039A0000182600000190000056018528 ELIANE ANDRADE DE FREITAS                         15082023BRL000000000000000000000000009800                    00000000000000000000000                                                    0          
0010001300040B   100006191518625                                                                                               15082023000000000000000000000000000000000000000000000000000000000000000000000000000               0      00000000
0010001300041A0000182370290680000000023736 ELIEZER DE MOURA                                  15082023BRL000000000000000000000000009800                    00000000000000000000000                                                    0          
0010001300042B   100002709237644                                                                                               15082023000000000000000000000000000000000000000000000000000000000000000000000000000               0      00000000
0010001300043A0000181040084100000000027396 FABIANA ROBERTO SOARES DE AVEL                    15082023BRL000000000000000000000000009800                    00000000000000000000000                                                    0          
0010001300044B   100007993410614                                                                                               15082023000000000000000000000000000000000000000000000000000000000000000000000000000               0      00000000
0010001300045A0000183410304000000000667739 FLAVIANE GRAZIELLE DOS SANTOS                     15082023BRL000000000000000000000000009800                    00000000000000000000000                                                    0          
0010001300046B   100003584182670                                                                                               15082023000000000000000000000000000000000000000000000000000000000000000000000000000               0      00000000
0010001300047A0000180770000190000049008943 GEIZA ALESSANDRA FERREIRA GONC                    15082023BRL000000000000000000000000007000                    00000000000000000000000                                                    0          
0010001300048B   100013743654679                                                                                               15082023000000000000000000000000000000000000000000000000000000000000000000000000000               0      00000000
0010001300049A0000182370221280000000430919 GISSELE PAIXAO ALVES NASCIMENT                    15082023BRL000000000000000000000000009800                    00000000000000000000000                                                    0          
0010001300050B   100005940398600                                                                                               15082023000000000000000000000000000000000000000000000000000000000000000000000000000               0      00000000
0010001300051A0000182370183500000000606790 GLAUCIA LUZIA FERNANDES ARMANE                    15082023BRL000000000000000000000000009800                    00000000000000000000000                                                    0          
0010001300052B   100001435580648                                                                                               15082023000000000000000000000000000000000000000000000000000000000000000000000000000               0      00000000
0010001300053A0000180770000190000078550378 GLEICY KELLY ANDRADE SILVA                        15082023BRL000000000000000000000000007000                    00000000000000000000000                                                    0          
0010001300054B   100013402111659                                                                                               15082023000000000000000000000000000000000000000000000000000000000000000000000000000               0      00000000
0010001300055A0000180770000190000143764608 GUSTAVO HENRIQUE BORGES DE OLI                    15082023BRL000000000000000000000000007000                    00000000000000000000000                                                    0          
0010001300056B   100014420367610                                                                                               15082023000000000000000000000000000000000000000000000000000000000000000000000000000               0      00000000
0010001300057A0000180330347600000020314400 HELEN VIRLAYNE DE JESUS HENRIQ                    15082023BRL000000000000000000000000009800                    00000000000000000000000                                                    0          
0010001300058B   100002070738647                                                                                               15082023000000000000000000000000000000000000000000000000000000000000000000000000000               0      00000000
0010001300059A0000183410693800000000343172 HERALDO CARLOS DA FONSECA                         15082023BRL000000000000000000000000009800                    00000000000000000000000                                                    0          
0010001300060B   100003164352603                                                                                               15082023000000000000000000000000000000000000000000000000000000000000000000000000000               0      00000000
0010001300061A0000182600000190000294873364 ISABELA CARDOSO NOGUEIRA                          15082023BRL000000000000000000000000009800                    00000000000000000000000                                                    0          
0010001300062B   100014405828660                                                                                               15082023000000000000000000000000000000000000000000000000000000000000000000000000000               0      00000000
0010001300063A0000180770000190000112400400 ISABELLA MARTINS BASILIO                          15082023BRL000000000000000000000000007000                    00000000000000000000000                                                    0          
0010001300064B   100012471426638                                                                                               15082023000000000000000000000000000000000000000000000000000000000000000000000000000               0      00000000
0010001300065A0000181040379700000000200418 IVANIA DA SOLEDADE NASCIMENTO                     15082023BRL000000000000000000000000009800                    00000000000000000000000                                                    0          
0010001300066B   100084111615600                                                                                               15082023000000000000000000000000000000000000000000000000000000000000000000000000000               0      00000000
0010001300067A0000180330348800000010879846 JACQUELINE ALVES DE OLIVEIRA                      15082023BRL000000000000000000000000009800                    00000000000000000000000                                                    0          
0010001300068B   100003285606690                                                                                               15082023000000000000000000000000000000000000000000000000000000000000000000000000000               0      00000000
0010001300069A0000183410526400000000137398 JESSICA ANDRADE DOS SANTOS SOU                    15082023BRL000000000000000000000000007000                    00000000000000000000000                                                    0          
0010001300070B   100013836791692                                                                                               15082023000000000000000000000000000000000000000000000000000000000000000000000000000               0      00000000
0010001300071A0000182600000190000360897334 JOELMA DOS REIS E SILVA                           15082023BRL000000000000000000000000009800                    00000000000000000000000                                                    0          
0010001300072B   100002936975662                                                                                               15082023000000000000000000000000000000000000000000000000000000000000000000000000000               0      00000000
0010001300073A0000180330304000000600028357 JUSSARA ANASTACIA DA SILVA DE                     15082023BRL000000000000000000000000009800                    00000000000000000000000                                                    0          
0010001300074B   100004059511676                                                                                               15082023000000000000000000000000000000000000000000000000000000000000000000000000000               0      00000000
0010001300075A0000180330352300000010617828 KATHIANE ALVES FERNANDES PEREI                    15082023BRL000000000000000000000000009800                    00000000000000000000000                                                    0          
0010001300076B   100004985916625                                                                                               15082023000000000000000000000000000000000000000000000000000000000000000000000000000               0      00000000
0010001300077A0000180330424000000010517026 KELLY CRISTINA CARDOSO DE MOUR                    15082023BRL000000000000000000000000009800                    00000000000000000000000                                                    0          
0010001300078B   100004448560643                                                                                               15082023000000000000000000000000000000000000000000000000000000000000000000000000000               0      00000000
0010001300079A0000183410563600000000270919 KENIA DE JESUS MOREIRA COSTA                      15082023BRL000000000000000000000000009800                    00000000000000000000000                                                    0          
0010001300080B   100006387246601                                                                                               15082023000000000000000000000000000000000000000000000000000000000000000000000000000               0      00000000
0010001300081A0000182370094000000002017890 KEREN FABIANE PAES DA SILVA                       15082023BRL000000000000000000000000009800                    00000000000000000000000                                                    0          
0010001300082B   100012102984656                                                                                               15082023000000000000000000000000000000000000000000000000000000000000000000000000000               0      00000000
0010001300083A0000181040106600000000295397 KETLEN TATIANE PAES DA SILVA                      15082023BRL000000000000000000000000009800                    00000000000000000000000                                                    0          
0010001300084B   100070122324633                                                                                               15082023000000000000000000000000000000000000000000000000000000000000000000000000000               0      00000000
0010001300085A0000182600000190000055717319 LETICIA TRINDRADE SILVA                           15082023BRL000000000000000000000000007000                    00000000000000000000000                                                    0          
0010001300086B   100011708868682                                                                                               15082023000000000000000000000000000000000000000000000000000000000000000000000000000               0      00000000
0010001300087A00001838900001X0000010533550 LUISA CRISTINA TORRES DE LIMA                     15082023BRL000000000000000000000000009800                    00000000000000000000000                                                    0          
0010001300088B   100001394929684                                                                                               15082023000000000000000000000000000000000000000000000000000000000000000000000000000               0      00000000
0010001300089A0000180330348800000010120764 MARCIA CANDIDO PEREIRA                            15082023BRL000000000000000000000000009800                    00000000000000000000000                                                    0          
0010001300090B   100068973462687                                                                                               15082023000000000000000000000000000000000000000000000000000000000000000000000000000               0      00000000
0010001300091A0000181040322120000000311152 MARCIO SOUZA DAMASO                               15082023BRL000000000000000000000000009800                    00000000000000000000000                                                    0          
0010001300092B   100000293683670                                                                                               15082023000000000000000000000000000000000000000000000000000000000000000000000000000               0      00000000
0010001300093A0000180330106800000010121451 MARESSA LUIZA FREITAS SANTOS R                    15082023BRL000000000000000000000000009800                    00000000000000000000000                                                    0          
0010001300094B   100013610547600                                                                                               15082023000000000000000000000000000000000000000000000000000000000000000000000000000               0      00000000
0010001300095A0000182600000190000041021889 MIRIAM ROSSI                                      15082023BRL000000000000000000000000009800                    00000000000000000000000                                                    0          
0010001300096B   100003607880689                                                                                               15082023000000000000000000000000000000000000000000000000000000000000000000000000000               0      00000000
0010001300097A0000183410069000000000658786 NATALIA GABRIELA SOARES AMARAL                    15082023BRL000000000000000000000000009800                    00000000000000000000000                                                    0          
0010001300098B   100011945789697                                                                                               15082023000000000000000000000000000000000000000000000000000000000000000000000000000               0      00000000
0010001300099A0000182600000190000355634757 PABLO AIMAR DE MOURA CASTRO                       15082023BRL000000000000000000000000007000                    00000000000000000000000                                                    0          
0010001300100B   100012681376696                                                                                               15082023000000000000000000000000000000000000000000000000000000000000000000000000000               0      00000000
0010001300101A0000180330423900000010490891 PALOMA MONTEIRO DE SOUZA                          15082023BRL000000000000000000000000007000                    00000000000000000000000                                                    0          
0010001300102B   100007665460631                                                                                               15082023000000000000000000000000000000000000000000000000000000000000000000000000000               0      00000000
0010001300103A0000180330348800000010078894 PATRICIA SOUZA FERREIRA                           15082023BRL000000000000000000000000009800                    00000000000000000000000                                                    0          
0010001300104B   100002690038609                                                                                               15082023000000000000000000000000000000000000000000000000000000000000000000000000000               0      00000000
0010001300105A0000182370046420000004063317 PAULO ROBERTO ABREU DE AZEVEDO                    15082023BRL000000000000000000000000009800                    00000000000000000000000                                                    0          
0010001300106B   100098978810691                                                                                               15082023000000000000000000000000000000000000000000000000000000000000000000000000000               0      00000000
0010001300107A0000180330422900000001065837 PAULO ROBERTO DE PAULA OLIVEIR                    15082023BRL000000000000000000000000009800                    00000000000000000000000                                                    0          
0010001300108B   100008466535675                                                                                               15082023000000000000000000000000000000000000000000000000000000000000000000000000000               0      00000000
0010001300109A0000182600000190000053263331 PRISCILA DE ALMEIDA SILVA SILV                    15082023BRL000000000000000000000000007000                    00000000000000000000000                                                    0          
0010001300110B   100008509842620                                                                                               15082023000000000000000000000000000000000000000000000000000000000000000000000000000               0      00000000
0010001300111A0000182370049230000006070493 RAFAEL ARSENIO DOS SANTOS                         15082023BRL000000000000000000000000009800                    00000000000000000000000                                                    0          
0010001300112B   100009326920607                                                                                               15082023000000000000000000000000000000000000000000000000000000000000000000000000000               0      00000000
0010001300113A0000180330309700000020116306 RAFAEL GOMES                                      15082023BRL000000000000000000000000007000                    00000000000000000000000                                                    0          
0010001300114B   100012442171660                                                                                               15082023000000000000000000000000000000000000000000000000000000000000000000000000000               0      00000000
0010001300115A0000182600000190000036294746 RAFAELA CAMPOS                                    15082023BRL000000000000000000000000007000                    00000000000000000000000                                                    0          
0010001300116B   100009939125674                                                                                               15082023000000000000000000000000000000000000000000000000000000000000000000000000000               0      00000000
0010001300117A0000180770000190000017550793 REGINA JULIANA RODRIGUES PAES                     15082023BRL000000000000000000000000009800                    00000000000000000000000                                                    0          
0010001300118B   100061643858653                                                                                               15082023000000000000000000000000000000000000000000000000000000000000000000000000000               0      00000000
0010001300119A0000182370046260000030233970 ROGERIO AUGUSTO DO SANTOS                         15082023BRL000000000000000000000000009800                    00000000000000000000000                                                    0          
0010001300120B   100001238422632                                                                                               15082023000000000000000000000000000000000000000000000000000000000000000000000000000               0      00000000
0010001300121A0000180770000190000407637810 ROSEANA LAISSA DAS NEVES SILVA                    15082023BRL000000000000000000000000007000                    00000000000000000000000                                                    0          
0010001300122B   100070149985606                                                                                               15082023000000000000000000000000000000000000000000000000000000000000000000000000000               0      00000000
0010001300123A0000182370392920000003894312 ROSILENE VIANA LIMA TINOCO                        15082023BRL000000000000000000000000007000                    00000000000000000000000                                                    0          
0010001300124B   100060414405668                                                                                               15082023000000000000000000000000000000000000000000000000000000000000000000000000000               0      00000000
0010001300125A0000182370290680000000184608 SAMARA RIBEIRO DOS SANTOS                         15082023BRL000000000000000000000000009800                    00000000000000000000000                                                    0          
0010001300126B   100001761608681                                                                                               15082023000000000000000000000000000000000000000000000000000000000000000000000000000               0      00000000
0010001300127A0000180330383300000010542939 SAVIO DEIGLIS ALMEIA BATISTA                      15082023BRL000000000000000000000000009800                    00000000000000000000000                                                    0          
0010001300128B   100001361049677                                                                                               15082023000000000000000000000000000000000000000000000000000000000000000000000000000               0      00000000
0010001300129A0000180330208200000010450583 SOLANGE APARECIDA PEREIRA QUIN                    15082023BRL000000000000000000000000009800                    00000000000000000000000                                                    0          
0010001300130B   100008850104693                                                                                               15082023000000000000000000000000000000000000000000000000000000000000000000000000000               0      00000000
0010001300131A0000180330348830000010240099 SORAIA PEREIRA DE ARAUJO                          15082023BRL000000000000000000000000009800                    00000000000000000000000                                                    0          
0010001300132B   100093695691620                                                                                               15082023000000000000000000000000000000000000000000000000000000000000000000000000000               0      00000000
0010001300133A0000180330347610000010061675 TAIS KARLA DE SOUZA BENTO                         15082023BRL000000000000000000000000009800                    00000000000000000000000                                                    0          
0010001300134B   100005230287683                                                                                               15082023000000000000000000000000000000000000000000000000000000000000000000000000000               0      00000000
0010001300135A0000181040388000009436253511 TATIANA AUXILIADORA DA SILVA                      15082023BRL000000000000000000000000009800                    00000000000000000000000                                                    0          
0010001300136B   100000197402631                                                                                               15082023000000000000000000000000000000000000000000000000000000000000000000000000000               0      00000000
0010001300137A0000182370263870000000567000 TATIANE SOUZA XAVIER                              15082023BRL000000000000000000000000007000                    00000000000000000000000                                                    0          
0010001300138B   100007610054631                                                                                               15082023000000000000000000000000000000000000000000000000000000000000000000000000000               0      00000000
0010001300139A0000180770000190013654666639 YASMINE SANTANNA FARIA                            15082023BRL000000000000000000000000007000                    00000000000000000000000                                                    0          
0010001300140B   100013654666639                                                                                               15082023000000000000000000000000000000000000000000000000000000000000000000000000000               0      00000000
00100015         000142000000000000627200000000000000000000000000                                                                                                                                                                               
00100021C9801031 2166944650001200009731870126       01633000000007151070FUNDACAO DE ENSINO DE CONTAGEM                                                                                                                                          
0010002300001A0000000010122110000000667935 ALESSANDRA MORAIS DE QUEIROZ                      15082023BRL000000000000000000000000009800                    00000000000000000000000                                                    0          
0010002300002B   100004757682646                                                                                               15082023000000000000000000000000000000000000000000000000000000000000000000000000000               0      00000000
0010002300003A0000000010235070000000268755 ALICE FERNANDA MARCELINO                          15082023BRL000000000000000000000000009800                    00000000000000000000000                                                    0          
0010002300004B   100007129242647                                                                                               15082023000000000000000000000000000000000000000000000000000000000000000000000000000               0      00000000
0010002300005A0000000010020460000000584851 ANDERSON DE SOUZA SANTOS                          15082023BRL000000000000000000000000009800                    00000000000000000000000                                                    0          
0010002300006B   100002249630585                                                                                               15082023000000000000000000000000000000000000000000000000000000000000000000000000000               0      00000000
0010002300007A0000000014312730000000030619 BARBARA DO CARMO MENDES                           15082023BRL000000000000000000000000009800                    00000000000000000000000                                                    0          
0010002300008B   100008893361647                                                                                               15082023000000000000000000000000000000000000000000000000000000000000000000000000000               0      00000000
0010002300009A0000000010691830000000234052 BRUNA DIAS MAGNANI                                15082023BRL000000000000000000000000009800                    00000000000000000000000                                                    0          
0010002300010B   100030589160869                                                                                               15082023000000000000000000000000000000000000000000000000000000000000000000000000000               0      00000000
0010002300011A0000000010329720000000232750 CINTHIA APARECIDA CLETO                           15082023BRL000000000000000000000000009800                    00000000000000000000000                                                    0          
0010002300012B   100000874376602                                                                                               15082023000000000000000000000000000000000000000000000000000000000000000000000000000               0      00000000
0010002300013A0000000010438340000000062324 CINTIA PRADO SIMOES                               15082023BRL000000000000000000000000009800                    00000000000000000000000                                                    0          
0010002300014B   100081411820649                                                                                               15082023000000000000000000000000000000000000000000000000000000000000000000000000000               0      00000000
0010002300015A0000000010306190000000377007 EDILANIA OLIVEIRA LACERDA CRUZ                    15082023BRL000000000000000000000000009800                    00000000000000000000000                                                    0          
0010002300016B   100003538482632                                                                                               15082023000000000000000000000000000000000000000000000000000000000000000000000000000               0      00000000
0010002300017A0000000010360990000000368490 ELIANE MAGALHAES DOS REIS                         15082023BRL000000000000000000000000007000                    00000000000000000000000                                                    0          
0010002300018B   100003283482608                                                                                               15082023000000000000000000000000000000000000000000000000000000000000000000000000000               0      00000000
0010002300019A0000000010587500000000462837 EUNICE AUXILIADORA DA SILVA RO                    15082023BRL000000000000000000000000007000                    00000000000000000000000                                                    0          
0010002300020B   100065953487649                                                                                               15082023000000000000000000000000000000000000000000000000000000000000000000000000000               0      00000000
0010002300021A0000000010211560000000545813 GABRIELLA ABGAIL GOMES MENDES                     15082023BRL000000000000000000000000009800                    00000000000000000000000                                                    0          
0010002300022B   100014040431600                                                                                               15082023000000000000000000000000000000000000000000000000000000000000000000000000000               0      00000000
0010002300023A0000000010306190000001304410 HENRY BARROS DA SILVA                             15082023BRL000000000000000000000000009800                    00000000000000000000000                                                    0          
0010002300024B   100083940693634                                                                                               15082023000000000000000000000000000000000000000000000000000000000000000000000000000               0      00000000
0010002300025A0000000010163300000000605301 ISABEL DOLORES DE MELO                            15082023BRL000000000000000000000000009800                    00000000000000000000000                                                    0          
0010002300026B   100085866962691                                                                                               15082023000000000000000000000000000000000000000000000000000000000000000000000000000               0      00000000
0010002300027A0000000010093500000000474401 JOSE JAIR SANTOS SILVA                            15082023BRL000000000000000000000000009800                    00000000000000000000000                                                    0          
0010002300028B   100011218713640                                                                                               15082023000000000000000000000000000000000000000000000000000000000000000000000000000               0      00000000
0010002300029A0000000010361020000000420204 JULIA FERREIRA VEADO                              15082023BRL000000000000000000000000009800                    00000000000000000000000                                                    0          
0010002300030B   100008011587617                                                                                               15082023000000000000000000000000000000000000000000000000000000000000000000000000000               0      00000000
0010002300031A0000000010003370000000544485 KARINA APARECIDA ROCHA BENEDIT                    15082023BRL000000000000000000000000009800                    00000000000000000000000                                                    0          
0010002300032B   100001210020637                                                                                               15082023000000000000000000000000000000000000000000000000000000000000000000000000000               0      00000000
0010002300033A0000000010281850000000425974 KEILA CRISTINA DA SILVA TEIXEI                    15082023BRL000000000000000000000000009800                    00000000000000000000000                                                    0          
0010002300034B   100010673654605                                                                                               15082023000000000000000000000000000000000000000000000000000000000000000000000000000               0      00000000
0010002300035A0000000010361610000000183504 LUCAS TXAI MEDEIROS DA FONSECA                    15082023BRL000000000000000000000000009800                    00000000000000000000000                                                    0          
0010002300036B   100009343480903                                                                                               15082023000000000000000000000000000000000000000000000000000000000000000000000000000               0      00000000
0010002300037A0000000010423820000000140341 MARCELLO ANTONY MARTINS RIBEIR                    15082023BRL000000000000000000000000009800                    00000000000000000000000                                                    0          
0010002300038B   100041967943869                                                                                               15082023000000000000000000000000000000000000000000000000000000000000000000000000000               0      00000000
0010002300039A0000000010389540000000646148 NILDETE PEREIRA DA FONSECA SOA                    15082023BRL000000000000000000000000007000                    00000000000000000000000                                                    0          
0010002300040B   100004003579682                                                                                               15082023000000000000000000000000000000000000000000000000000000000000000000000000000               0      00000000
0010002300041A0000000010332940000000294454 RENATA ALVES BARBOSA                              15082023BRL000000000000000000000000009800                    00000000000000000000000                                                    0          
0010002300042B   100004121168631                                                                                               15082023000000000000000000000000000000000000000000000000000000000000000000000000000               0      00000000
0010002300043A0000000010211560000000464384 ROSILANIA NATIVIDADE DE ALMEID                    15082023BRL000000000000000000000000009800                    00000000000000000000000                                                    0          
0010002300044B   100004554235637                                                                                               15082023000000000000000000000000000000000000000000000000000000000000000000000000000               0      00000000
0010002300045A000000001030619000000125409X SIRLENE FREITAS DOS ANJOS SOUZ                    15082023BRL000000000000000000000000009800                    00000000000000000000000                                                    0          
0010002300046B   100008067118680                                                                                               15082023000000000000000000000000000000000000000000000000000000000000000000000000000               0      00000000
0010002300047A0000000010438340000001288377 TATIANA DURAES FOUREAUX                           15082023BRL000000000000000000000000009800                    00000000000000000000000                                                    0          
0010002300048B   100002993838652                                                                                               15082023000000000000000000000000000000000000000000000000000000000000000000000000000               0      00000000
0010002300049A0000000010361020000001372955 TATIANA SALGUEIRO CALDEIRA                        15082023BRL000000000000000000000000009800                    00000000000000000000000                                                    0          
0010002300050B   100055140637634                                                                                               15082023000000000000000000000000000000000000000000000000000000000000000000000000000               0      00000000
00100025         000052000000000000236600000000000000000000000000                                                                                                                                                                               
00199999         000002000196000000                                                                                                                                                                                                             
