00100000         2166944650001200009731870126       01633000000007151070FUNDACAO DE ENSINO DE CONTAGEMBANCO DO BRASIL S/A                     11508202300000000177900000000                                                                     
00100011C9803031 2166944650001200009731870126       01633000000007151070FUNDACAO DE ENSINO DE CONTAGEM                                                                                                                                          
0010001300001A0000181040013700000000071168 CAROLINE DINIZ XAVIER                             15082023BRL000000000000000000000000009800                    00000000000000000000000                                                    0          
0010001300002B   100007221353603                                                                                               15082023000000000000000000000000000000000000000000000000000000000000000000000000000               0      00000000
0010001300003A0000180330348800000600268359 DELAINE HELCE DA CRUZ SILVA                       15082023BRL000000000000000000000000009800                    00000000000000000000000                                                    0          
0010001300004B   100007816202601                                                                                               15082023000000000000000000000000000000000000000000000000000000000000000000000000000               0      00000000
0010001300005A0000181040082100000000086032 DIOGENES CABRAL GONTIJO AMARAL                    15082023BRL000000000000000000000000009800                    00000000000000000000000                                                    0          
0010001300006B   100007135909631                                                                                               15082023000000000000000000000000000000000000000000000000000000000000000000000000000               0      00000000
0010001300007A0000181040147500000000166730 ELMAZ MIRANDA VASCONCELOS DE J                    15082023BRL000000000000000000000000007000                    00000000000000000000000                                                    0          
0010001300008B   100000968329675                                                                                               15082023000000000000000000000000000000000000000000000000000000000000000000000000000               0      00000000
0010001300009A0000181040008100000000502646 FABRICIA FERNANDES                                15082023BRL000000000000000000000000009800                    00000000000000000000000                                                    0          
0010001300010B   100008686140688                                                                                               15082023000000000000000000000000000000000000000000000000000000000000000000000000000               0      00000000
0010001300011A0000181040163900000000915784 GRAZIELLA VALESSA DA CUNHA ROD                    15082023BRL000000000000000000000000007000                    00000000000000000000000                                                    0          
0010001300012B   100011730173640                                                                                               15082023000000000000000000000000000000000000000000000000000000000000000000000000000               0      00000000
0010001300013A0000181040152900000000133761 HELENA APARECIDA MARQUES DASIL                    15082023BRL000000000000000000000000007000                    00000000000000000000000                                                    0          
0010001300014B   100041742990649                                                                                               15082023000000000000000000000000000000000000000000000000000000000000000000000000000               0      00000000
0010001300015A0000181040355200000000300731 MARIA APARECIDA PONGELUPE DE O                    15082023BRL000000000000000000000000009800                    00000000000000000000000                                                    0          
0010001300016B   100003918830624                                                                                               15082023000000000000000000000000000000000000000000000000000000000000000000000000000               0      00000000
0010001300017A0000181040008200000002160993 NEUZA MARIA DO CARMO BATISTA                      15082023BRL000000000000000000000000009800                    00000000000000000000000                                                    0          
0010001300018B   100077110218600                                                                                               15082023000000000000000000000000000000000000000000000000000000000000000000000000000               0      00000000
00100015         000020000000000000079800000000000000000000000000                                                                                                                                                                               
00199999         000001000022000000                                                                                                                                                                                                             
