00100000         2166944650001200009731870126       00503700000010316860FUNDACAO DE ENSINO DE CONTAGEMBANCO DO BRASIL S/A                     12209202300000000177900000000                                                                     
00100011C9803031 2166944650001200009731870126       00503700000010316860FUNDACAO DE ENSINO DE CONTAGEM                                                                                                                                          
0010001300001A0000180770000100000157324761 BRUNA PINTO                                       22092023BRL000000000000000000000000012000                    00000000000000000000000                                                    0          
0010001300002B   100016180351694                                                                                               22092023000000000000000000000000000000000000000000000000000000000000000000000000000               0      00000000
0010001300003A0000182600000100000019814357 GLEISIANE ALEXANDRA RIBEIRO CA                    22092023BRL000000000000000000000000012000                    00000000000000000000000                                                    0          
0010001300004B   100014064805682                                                                                               22092023000000000000000000000000000000000000000000000000000000000000000000000000000               0      00000000
0010001300005A0000183360000100000146003861 JULIANE CARVALHO DE MOURA                         22092023BRL000000000000000000000000012000                    00000000000000000000000                                                    0          
0010001300006B   100004807729675                                                                                               22092023000000000000000000000000000000000000000000000000000000000000000000000000000               0      00000000
0010001300007A0000182600000100000142185808 LUCINEIA RIBEIRO SILVA                            22092023BRL000000000000000000000000012000                    00000000000000000000000                                                    0          
0010001300008B   100040413811859                                                                                               22092023000000000000000000000000000000000000000000000000000000000000000000000000000               0      00000000
0010001300009A0000182600000100000030835202 MARIELLY GONCALVES SANTOS                         22092023BRL000000000000000000000000012000                    00000000000000000000000                                                    0          
0010001300010B   100000308352024                                                                                               22092023000000000000000000000000000000000000000000000000000000000000000000000000000               0      00000000
0010001300011A0000182370046200000000543225 ROSEMARY APARECIDA DA SILVA                       22092023BRL000000000000000000000000012000                    00000000000000000000000                                                    0          
0010001300012B   100006954694606                                                                                               22092023000000000000000000000000000000000000000000000000000000000000000000000000000               0      00000000
00100015         000014000000000000072000000000000000000000000000                                                                                                                                                                               
00100021C9801031 2166944650001200009731870126       00503700000010316860FUNDACAO DE ENSINO DE CONTAGEM                                                                                                                                          
0010002300001A0000000010389540000000385905 ANDREA DA SILVA                                   22092023BRL000000000000000000000000012000                    00000000000000000000000                                                    0          
0010002300002B   100003931887600                                                                                               22092023000000000000000000000000000000000000000000000000000000000000000000000000000               0      00000000
0010002300003A0000000010458370000000211761 SHEILA DOS REIS ALVES                             22092023BRL000000000000000000000000012000                    00000000000000000000000                                                    0          
0010002300004B   100005043722622                                                                                               22092023000000000000000000000000000000000000000000000000000000000000000000000000000               0      00000000
00100025         000006000000000000024000000000000000000000000000                                                                                                                                                                               
00199999         000002000022000000                                                                                                                                                                                                             
