00100000         2166944650001200009731870126       00503700000010316860FUNDACAO DE ENSINO DE CONTAGEMBANCO DO BRASIL S/A                     12209202300000000177900000000                                                                     
00100011C9803031 2166944650001200009731870126       00503700000010316860FUNDACAO DE ENSINO DE CONTAGEM                                                                                                                                          
0010001300001A0000181040089300008681811337 JOSELMA APARECIDA DE P PASCOAR                    22092023BRL000000000000000000000000012000                    00000000000000000000000                                                    0          
0010001300002B   100013016697688                                                                                               22092023000000000000000000000000000000000000000000000000000000000000000000000000000               0      00000000
0010001300003A0000181040015400000001389157 MARILZA PEREIRA DA SILVEIRA                       22092023BRL000000000000000000000000012000                    00000000000000000000000                                                    0          
0010001300004B   100000184511607                                                                                               22092023000000000000000000000000000000000000000000000000000000000000000000000000000               0      00000000
00100015         000006000000000000024000000000000000000000000000                                                                                                                                                                               
00199999         000001000008000000                                                                                                                                                                                                             
