00100000         2166944650001200009731870126       01633000000007151070FUNDACAO DE ENSINO DE CONTAGEMBANCO DO BRASIL S/A                     11505202400000000177900000000                                                                     
00100011C9803031 2166944650001200009731870126       01633000000007151070FUNDACAO DE ENSINO DE CONTAGEM                                                                                                                                          
0010001300001A0000181040166700007555164320 JAIR RODRIGUES DE OLIVEIRA                        15052024BRL000000000000000000000000016269                    00000000000000000000000                                                    0          
0010001300002B   100062115251687                                                                                               15052024000000000000000000000000000000000000000000000000000000000000000000000000000               0      00000000
0010001300003A0000181040008200000645826364 PEDRO ACACIO VENTURA                              15052024BRL000000000000000000000000016269                    00000000000000000000000                                                    0          
0010001300004B   100000122420632                                                                                               15052024000000000000000000000000000000000000000000000000000000000000000000000000000               0      00000000
0010001300005A0000181040008200000004471325 RENATA GUIMARAES DE ALMEIDA                       15052024BRL000000000000000000000000016269                    00000000000000000000000                                                    0          
0010001300006B   100001173038604                                                                                               15052024000000000000000000000000000000000000000000000000000000000000000000000000000               0      00000000
0010001300007A0000180010389540000000160881 WANTUIL DINIZ E SOUZA                             15052024BRL000000000000000000000000016269                    00000000000000000000000                                                    0          
0010001300008B   100089233271668                                                                                               15052024000000000000000000000000000000000000000000000000000000000000000000000000000               0      00000000
0010001300009A0000180010075010000000230294 ADELIA GERALDA DE ALMEIDA PIME                    15052024BRL000000000000000000000000013572                    00000000000000000000000                                                    0          
0010001300010B   100056229054604                                                                                               15052024000000000000000000000000000000000000000000000000000000000000000000000000000               0      00000000
0010001300011A0000180010438340000000289752 ANTONIVIA PINHEIRO BRANT                          15052024BRL000000000000000000000000013572                    00000000000000000000000                                                    0          
0010001300012B   100005119891640                                                                                               15052024000000000000000000000000000000000000000000000000000000000000000000000000000               0      00000000
0010001300013A0000181040008500007756277288 CACILDA CEZAR DA SILVA                            15052024BRL000000000000000000000000013572                    00000000000000000000000                                                    0          
0010001300014B   100002625743654                                                                                               15052024000000000000000000000000000000000000000000000000000000000000000000000000000               0      00000000
0010001300015A0000181040421600000000032902 EVERTON FERNANDO LOPES ASSIS                      15052024BRL000000000000000000000000013572                    00000000000000000000000                                                    0          
0010001300016B   100002002724628                                                                                               15052024000000000000000000000000000000000000000000000000000000000000000000000000000               0      00000000
0010001300017A0000182370221280000000263370 LUIZETE BAHIA DA SILVA OLIVEIR                    15052024BRL000000000000000000000000013572                    00000000000000000000000                                                    0          
0010001300018B   100003912802602                                                                                               15052024000000000000000000000000000000000000000000000000000000000000000000000000000               0      00000000
0010001300019A0000181040008930007640123772 MARCIA CRISTINA DA SILVA                          15052024BRL000000000000000000000000013572                    00000000000000000000000                                                    0          
0010001300020B   100089110188649                                                                                               15052024000000000000000000000000000000000000000000000000000000000000000000000000000               0      00000000
0010001300021A0000180010281850000001089536 MICHELE MARTINS NETTO                             15052024BRL000000000000000000000000013572                    00000000000000000000000                                                    0          
0010001300022B   100002584757656                                                                                               15052024000000000000000000000000000000000000000000000000000000000000000000000000000               0      00000000
0010001300023A0000183410139900000000112745 NILZA CRISTINA RAIMINDO                           15052024BRL000000000000000000000000013572                    00000000000000000000000                                                    0          
0010001300024B   100078833493687                                                                                               15052024000000000000000000000000000000000000000000000000000000000000000000000000000               0      00000000
0010001300025A0000180010389540000000137618 RONAN MARCIO DE MIRANDA                           15052024BRL000000000000000000000000026100                    00000000000000000000000                                                    0          
0010001300026B   100004121281608                                                                                               15052024000000000000000000000000000000000000000000000000000000000000000000000000000               0      00000000
0010001300027A0000181040152900008342641242 ROSA MARIA DE OLIVEIRA SANTOS                     15052024BRL000000000000000000000000013050                    00000000000000000000000                                                    0          
0010001300028B   100004351091622                                                                                               15052024000000000000000000000000000000000000000000000000000000000000000000000000000               0      00000000
0010001300029A0000180010281850000000303321 ROSINETE ANTONIA DE OLIVEIRA                      15052024BRL000000000000000000000000013572                    00000000000000000000000                                                    0          
0010001300030B   100099062712649                                                                                               15052024000000000000000000000000000000000000000000000000000000000000000000000000000               0      00000000
0010001300031A0000181040000830007719428723 URIAS MAGNO CALDEIRA BRAGA                        15052024BRL000000000000000000000000013572                    00000000000000000000000                                                    0          
0010001300032B   100010772351600                                                                                               15052024000000000000000000000000000000000000000000000000000000000000000000000000000               0      00000000
0010001300033A0000181040089300008569781073 VINICIUS PEREIRA CHAVES                           15052024BRL000000000000000000000000013572                    00000000000000000000000                                                    0          
0010001300034B   100002062877633                                                                                               15052024000000000000000000000000000000000000000000000000000000000000000000000000000               0      00000000
0010001300035A0000183410380400000000134546 DAMARIS APARECIDA DOS REIS OLI                    15052024BRL000000000000000000000000013572                    00000000000000000000000                                                    0          
0010001300036B   100068170270634                                                                                               15052024000000000000000000000000000000000000000000000000000000000000000000000000000               0      00000000
0010001300037A0000181040355300007635091060 JANETE BRASILINO MARQUES                          15052024BRL000000000000000000000000013572                    00000000000000000000000                                                    0          
0010001300038B   100007971216688                                                                                               15052024000000000000000000000000000000000000000000000000000000000000000000000000000               0      00000000
0010001300039A0000181040283700007636278910 ROSEMEIRE SILVESTRE DA SILVA                      15052024BRL000000000000000000000000013572                    00000000000000000000000                                                    0          
0010001300040B   100015984557886                                                                                               15052024000000000000000000000000000000000000000000000000000000000000000000000000000               0      00000000
0010001300041A0000181040388000009147014534 SILVIA SIBERIA SOUZA  GOMES                       15052024BRL000000000000000000000000013050                    00000000000000000000000                                                    0          
0010001300042B   100009731319697                                                                                               15052024000000000000000000000000000000000000000000000000000000000000000000000000000               0      00000000
0010001300043A0000181040152900000000095584 ANDREIA MOREIRA PASSOS                            15052024BRL000000000000000000000000013572                    00000000000000000000000                                                    0          
0010001300044B   100000227647637                                                                                               15052024000000000000000000000000000000000000000000000000000000000000000000000000000               0      00000000
0010001300045A0000181040486100007685807360 ANGELA MARIA RIBEIRO REIS                         15052024BRL000000000000000000000000013572                    00000000000000000000000                                                    0          
0010001300046B   100084275669649                                                                                               15052024000000000000000000000000000000000000000000000000000000000000000000000000000               0      00000000
0010001300047A0000181040292300007722095675 ARIADINA MARIA DOS SANTOS VIAN                    15052024BRL000000000000000000000000013572                    00000000000000000000000                                                    0          
0010001300048B   100003898221679                                                                                               15052024000000000000000000000000000000000000000000000000000000000000000000000000000               0      00000000
0010001300049A0000181040388000009173662947 CRISTIANE FRANCISCA FERREIRA B                    15052024BRL000000000000000000000000013572                    00000000000000000000000                                                    0          
0010001300050B   100004264740665                                                                                               15052024000000000000000000000000000000000000000000000000000000000000000000000000000               0      00000000
0010001300051A0000181040089300000002821263 DEBORA DA SILVA SANTOS ARAUJO                     15052024BRL000000000000000000000000013572                    00000000000000000000000                                                    0          
0010001300052B   100004656138614                                                                                               15052024000000000000000000000000000000000000000000000000000000000000000000000000000               0      00000000
0010001300053A0000181040294000008543273453 SILMONE DE PAULO SILVA                            15052024BRL000000000000000000000000013050                    00000000000000000000000                                                    0          
0010001300054B   100091386489620                                                                                               15052024000000000000000000000000000000000000000000000000000000000000000000000000000               0      00000000
0010001300055A0000181040152900000773657216 ADINALVA ESTEVES DE JESUS                         15052024BRL000000000000000000000000013572                    00000000000000000000000                                                    0          
0010001300056B   100095300023604                                                                                               15052024000000000000000000000000000000000000000000000000000000000000000000000000000               0      00000000
0010001300057A0000181040388000009485700674 DAYSEANE PESSOA PEREIRA                           15052024BRL000000000000000000000000013572                    00000000000000000000000                                                    0          
0010001300058B   100005546409614                                                                                               15052024000000000000000000000000000000000000000000000000000000000000000000000000000               0      00000000
0010001300059A0000181040146000007699864574 GENILSON DA SILVA SOUZA                           15052024BRL000000000000000000000000013572                    00000000000000000000000                                                    0          
0010001300060B   100000240792602                                                                                               15052024000000000000000000000000000000000000000000000000000000000000000000000000000               0      00000000
0010001300061A0000181040294000000000077613 NILTON DE JESUS OLIVEIRA                          15052024BRL000000000000000000000000013572                    00000000000000000000000                                                    0          
0010001300062B   100049877836653                                                                                               15052024000000000000000000000000000000000000000000000000000000000000000000000000000               0      00000000
0010001300063A0000180010075010000001082248 SHIRLEI CRISTINA DE FREITAS VI                    15052024BRL000000000000000000000000013572                    00000000000000000000000                                                    0          
0010001300064B   100089201060610                                                                                               15052024000000000000000000000000000000000000000000000000000000000000000000000000000               0      00000000
0010001300065A0000181040379700007907519021 AMANDA RODRIGUES DA SILVA                         15052024BRL000000000000000000000000013572                    00000000000000000000000                                                    0          
0010001300066B   100001942755660                                                                                               15052024000000000000000000000000000000000000000000000000000000000000000000000000000               0      00000000
0010001300067A0000181040152900007662867952 DEVAIR RODRIGUES DE ARAUJO                        15052024BRL000000000000000000000000013572                    00000000000000000000000                                                    0          
0010001300068B   100074611488691                                                                                               15052024000000000000000000000000000000000000000000000000000000000000000000000000000               0      00000000
0010001300069A0000181040152900008221873525 EDIMEIA MARIA DE JESUS                            15052024BRL000000000000000000000000013572                    00000000000000000000000                                                    0          
0010001300070B   100065968000678                                                                                               15052024000000000000000000000000000000000000000000000000000000000000000000000000000               0      00000000
0010001300071A0000181040379700000000009690 ELAINE ARAUJO DA SILVA RODRIGU                    15052024BRL000000000000000000000000013572                    00000000000000000000000                                                    0          
0010001300072B   100004706259614                                                                                               15052024000000000000000000000000000000000000000000000000000000000000000000000000000               0      00000000
0010001300073A0000181040152900007699663145 MARILIA JOZINA CARREIRO                           15052024BRL000000000000000000000000013572                    00000000000000000000000                                                    0          
0010001300074B   100001478894644                                                                                               15052024000000000000000000000000000000000000000000000000000000000000000000000000000               0      00000000
0010001300075A0000180010163300000000196738 KATIA REGINA ALKIMIM                              15052024BRL000000000000000000000000013572                    00000000000000000000000                                                    0          
0010001300076B   100063218445604                                                                                               15052024000000000000000000000000000000000000000000000000000000000000000000000000000               0      00000000
0010001300077A0000181040089300000002539886 MARA RUBIA APARECIDA GLICERIO                     15052024BRL000000000000000000000000013572                    00000000000000000000000                                                    0          
0010001300078B   100003208120656                                                                                               15052024000000000000000000000000000000000000000000000000000000000000000000000000000               0      00000000
0010001300079A0000180010281850000000290408 MARIA MARTINS VIEIRA                              15052024BRL000000000000000000000000013050                    00000000000000000000000                                                    0          
0010001300080B   100052209369649                                                                                               15052024000000000000000000000000000000000000000000000000000000000000000000000000000               0      00000000
0010001300081A0000181040388000009430951195 RAQUEL TIRONE SILVERIO MATOS                      15052024BRL000000000000000000000000013572                    00000000000000000000000                                                    0          
0010001300082B   100008324811656                                                                                               15052024000000000000000000000000000000000000000000000000000000000000000000000000000               0      00000000
0010001300083A0000181040008500007756271247 SIBELE RODRIGUES CIPRIANO                         15052024BRL000000000000000000000000013572                    00000000000000000000000                                                    0          
0010001300084B   100081339348691                                                                                               15052024000000000000000000000000000000000000000000000000000000000000000000000000000               0      00000000
0010001300085A0000181040152900008568722880 SONIA MARIA DOS SANTOS LOURENC                    15052024BRL000000000000000000000000013572                    00000000000000000000000                                                    0          
0010001300086B   100084214805615                                                                                               15052024000000000000000000000000000000000000000000000000000000000000000000000000000               0      00000000
0010001300087A0000180010281850000000444537 ADRIANA RIBEIRO DE SOUZA                          15052024BRL000000000000000000000000013572                    00000000000000000000000                                                    0          
0010001300088B   100004299794605                                                                                               15052024000000000000000000000000000000000000000000000000000000000000000000000000000               0      00000000
0010001300089A0000180010163140000000410764 ALEXANDRE MAGNO GONCALVES                         15052024BRL000000000000000000000000013572                    00000000000000000000000                                                    0          
0010001300090B   100095694919653                                                                                               15052024000000000000000000000000000000000000000000000000000000000000000000000000000               0      00000000
0010001300091A0000180010163220000000668885 ANA CLARA BORGES ANDRADE                          15052024BRL000000000000000000000000013572                    00000000000000000000000                                                    0          
0010001300092B   100014293550690                                                                                               15052024000000000000000000000000000000000000000000000000000000000000000000000000000               0      00000000
0010001300093A0000180010567900000005814731 ANA LUCIA DE PINHO COSTA                          15052024BRL000000000000000000000000013572                    00000000000000000000000                                                    0          
0010001300094B   100084128224634                                                                                               15052024000000000000000000000000000000000000000000000000000000000000000000000000000               0      00000000
0010001300095A0000181040388000008882679428 BRENO MARTINS DA CRUZ                             15052024BRL000000000000000000000000013572                    00000000000000000000000                                                    0          
0010001300096B   100013874114627                                                                                               15052024000000000000000000000000000000000000000000000000000000000000000000000000000               0      00000000
0010001300097A0000180010567900000005988853 DAVID MESSIAS TEIXEIRA LOPES                      15052024BRL000000000000000000000000013572                    00000000000000000000000                                                    0          
0010001300098B   100014461239608                                                                                               15052024000000000000000000000000000000000000000000000000000000000000000000000000000               0      00000000
0010001300099A0000180010075010000001113046 IRIS PEREIRA DE LACERDA                           15052024BRL000000000000000000000000013050                    00000000000000000000000                                                    0          
0010001300100B   100054779901634                                                                                               15052024000000000000000000000000000000000000000000000000000000000000000000000000000               0      00000000
0010001300101A0000180010281850000000558389 LUCIANO DE OLIVEIRA SILVA                         15052024BRL000000000000000000000000013572                    00000000000000000000000                                                    0          
0010001300102B   100016843203647                                                                                               15052024000000000000000000000000000000000000000000000000000000000000000000000000000               0      00000000
0010001300103A0000181040089300000002642962 MARINETE COSTA LOPES                              15052024BRL000000000000000000000000013572                    00000000000000000000000                                                    0          
0010001300104B   100006741453644                                                                                               15052024000000000000000000000000000000000000000000000000000000000000000000000000000               0      00000000
0010001300105A0000181040009200000000170430 NILZA TEODORO DE SANTANA                          15052024BRL000000000000000000000000013572                    00000000000000000000000                                                    0          
0010001300106B   100080796311668                                                                                               15052024000000000000000000000000000000000000000000000000000000000000000000000000000               0      00000000
0010001300107A0000181040089300008685843012 SUELY TEODORO SANTANA                             15052024BRL000000000000000000000000013572                    00000000000000000000000                                                    0          
0010001300108B   100003179873647                                                                                               15052024000000000000000000000000000000000000000000000000000000000000000000000000000               0      00000000
0010001300109A0000180010281850000000573043 EMILY CATHARINE PEDROSA SOUZA                     15052024BRL000000000000000000000000013572                    00000000000000000000000                                                    0          
0010001300110B   100015027776659                                                                                               15052024000000000000000000000000000000000000000000000000000000000000000000000000000               0      00000000
0010001300111A0000181040008300007645792664 ERIKA NATALIA DE SEIXAS                           15052024BRL000000000000000000000000013572                    00000000000000000000000                                                    0          
0010001300112B   100008110667627                                                                                               15052024000000000000000000000000000000000000000000000000000000000000000000000000000               0      00000000
0010001300113A0000181040152900000001070690 FERNANDA BATISTA PEREIRA DA PA                    15052024BRL000000000000000000000000013572                    00000000000000000000000                                                    0          
0010001300114B   100007135146638                                                                                               15052024000000000000000000000000000000000000000000000000000000000000000000000000000               0      00000000
0010001300115A0000181040415700007683430286 JESSICA DE FREITAS CALDEIRA                       15052024BRL000000000000000000000000013572                    00000000000000000000000                                                    0          
0010001300116B   100011397072644                                                                                               15052024000000000000000000000000000000000000000000000000000000000000000000000000000               0      00000000
0010001300117A0000181040142200007962146630 MARCELLE RESENDE ANRAKU                           15052024BRL000000000000000000000000013572                    00000000000000000000000                                                    0          
0010001300118B   100014979392679                                                                                               15052024000000000000000000000000000000000000000000000000000000000000000000000000000               0      00000000
0010001300119A0000181040242700007722628460 MARIA CECILIA FIRMINO PEREIRA                     15052024BRL000000000000000000000000013572                    00000000000000000000000                                                    0          
0010001300120B   100091616972653                                                                                               15052024000000000000000000000000000000000000000000000000000000000000000000000000000               0      00000000
0010001300121A0000181040163900008600520493 NATALIA MIRANDA PALHARES                          15052024BRL000000000000000000000000013572                    00000000000000000000000                                                    0          
0010001300122B   100010604337612                                                                                               15052024000000000000000000000000000000000000000000000000000000000000000000000000000               0      00000000
0010001300123A0000180010329720000000002208 RENAN NONATO CABANA VIEIRA                        15052024BRL000000000000000000000000013572                    00000000000000000000000                                                    0          
0010001300124B   100010790336618                                                                                               15052024000000000000000000000000000000000000000000000000000000000000000000000000000               0      00000000
0010001300125A0000182600000100000825717377 BRENO TIAGO MARTINS DE SOUZA                      15052024BRL000000000000000000000000013572                    00000000000000000000000                                                    0          
0010001300126B   100070111810671                                                                                               15052024000000000000000000000000000000000000000000000000000000000000000000000000000               0      00000000
0010001300127A0000180010163300000000719846 FERNANDA SOARES PACHECO                           15052024BRL000000000000000000000000013572                    00000000000000000000000                                                    0          
0010001300128B   100034155521873                                                                                               15052024000000000000000000000000000000000000000000000000000000000000000000000000000               0      00000000
0010001300129A000018001036102000000043115X FLORENCA APARECIDA PROCOPIO DE                    15052024BRL000000000000000000000000013572                    00000000000000000000000                                                    0          
0010001300130B   100011321959699                                                                                               15052024000000000000000000000000000000000000000000000000000000000000000000000000000               0      00000000
0010001300131A0000181040089300000869865576 JESSICA CARMELINA GONCALVES DE                    15052024BRL000000000000000000000000013050                    00000000000000000000000                                                    0          
0010001300132B   100010889472637                                                                                               15052024000000000000000000000000000000000000000000000000000000000000000000000000000               0      00000000
0010001300133A0000180101629200000000341037 JOSE HUMBERTO DE FARIA                            15052024BRL000000000000000000000000013572                    00000000000000000000000                                                    0          
0010001300134B   100080175783691                                                                                               15052024000000000000000000000000000000000000000000000000000000000000000000000000000               0      00000000
0010001300135A0000181040089300000000225477 JULIANA IZABEL DA SILVA                           15052024BRL000000000000000000000000013572                    00000000000000000000000                                                    0          
0010001300136B   100009809388640                                                                                               15052024000000000000000000000000000000000000000000000000000000000000000000000000000               0      00000000
0010001300137A0000180010567900000006020860 LUISA RODRIGUES REIS                              15052024BRL000000000000000000000000013572                    00000000000000000000000                                                    0          
0010001300138B   100070324795610                                                                                               15052024000000000000000000000000000000000000000000000000000000000000000000000000000               0      00000000
0010001300139A0000181040152900000000518116 MARIA GERALDA OTONE GUIMARAES                     15052024BRL000000000000000000000000013572                    00000000000000000000000                                                    0          
0010001300140B   100078814014604                                                                                               15052024000000000000000000000000000000000000000000000000000000000000000000000000000               0      00000000
0010001300141A0000180010486150000000090921 RAFAEL DE SOUZA AFLISIO                           15052024BRL000000000000000000000000013572                    00000000000000000000000                                                    0          
0010001300142B   100003801302628                                                                                               15052024000000000000000000000000000000000000000000000000000000000000000000000000000               0      00000000
0010001300143A0000181040153200000000180669 BRENO GONCALVES FERREIRA                          15052024BRL000000000000000000000000013050                    00000000000000000000000                                                    0          
0010001300144B   100008066390670                                                                                               15052024000000000000000000000000000000000000000000000000000000000000000000000000000               0      00000000
0010001300145A0000181040008300000000243757 ADRIANA CELIA DE OLIVEIRA                         15052024BRL000000000000000000000000013572                    00000000000000000000000                                                    0          
0010001300146B   100096989696672                                                                                               15052024000000000000000000000000000000000000000000000000000000000000000000000000000               0      00000000
0010001300147A0000181040089300007726052261 CASSIA DA SILVA DA CRUZ                           15052024BRL000000000000000000000000013572                    00000000000000000000000                                                    0          
0010001300148B   100003915393614                                                                                               15052024000000000000000000000000000000000000000000000000000000000000000000000000000               0      00000000
0010001300149A0000180010306880000001577603 CIBELE FATIMA DIAS CASTRO                         15052024BRL000000000000000000000000013572                    00000000000000000000000                                                    0          
0010001300150B   100019383371668                                                                                               15052024000000000000000000000000000000000000000000000000000000000000000000000000000               0      00000000
0010001300151A0000181040081500008577968497 EDUARDO DA SILVA PEREIRA                          15052024BRL000000000000000000000000013050                    00000000000000000000000                                                    0          
0010001300152B   100004996485604                                                                                               15052024000000000000000000000000000000000000000000000000000000000000000000000000000               0      00000000
0010001300153A0000181040008100000009424753 FABIANA CRISTINA BORGES CUNHA                     15052024BRL000000000000000000000000013572                    00000000000000000000000                                                    0          
0010001300154B   100005438048606                                                                                               15052024000000000000000000000000000000000000000000000000000000000000000000000000000               0      00000000
0010001300155A0000181040008200008585495896 JAQUELINE CONCEICAO DE OLIVEIR                    15052024BRL000000000000000000000000013572                    00000000000000000000000                                                    0          
0010001300156B   100002771936640                                                                                               15052024000000000000000000000000000000000000000000000000000000000000000000000000000               0      00000000
0010001300157A0000181040163900000000008361 LIDIA CRISTIANE FERNANDES NOGU                    15052024BRL000000000000000000000000013572                    00000000000000000000000                                                    0          
0010001300158B   100007291636604                                                                                               15052024000000000000000000000000000000000000000000000000000000000000000000000000000               0      00000000
0010001300159A0000181040008200000002311509 MARIANGELA SOARES DOS SANTOS                      15052024BRL000000000000000000000000013050                    00000000000000000000000                                                    0          
0010001300160B   100003187561616                                                                                               15052024000000000000000000000000000000000000000000000000000000000000000000000000000               0      00000000
0010001300161A0000181040415700000000427168 MARILENE DOS SANTOS VIEIRA                        15052024BRL000000000000000000000000013572                    00000000000000000000000                                                    0          
0010001300162B   100076264122653                                                                                               15052024000000000000000000000000000000000000000000000000000000000000000000000000000               0      00000000
0010001300163A0000181040008200008611752650 PRISCILA DE OLIVEIRA PAULINO S                    15052024BRL000000000000000000000000013572                    00000000000000000000000                                                    0          
0010001300164B   100006002100652                                                                                               15052024000000000000000000000000000000000000000000000000000000000000000000000000000               0      00000000
0010001300165A0000181040089300000002422172 SANDRA MARIA ACCACIO                              15052024BRL000000000000000000000000013572                    00000000000000000000000                                                    0          
0010001300166B   100057498954672                                                                                               15052024000000000000000000000000000000000000000000000000000000000000000000000000000               0      00000000
0010001300167A0000180010361020000000732680 TULIO CESAR ACCACIO MENEZES SO                    15052024BRL000000000000000000000000013572                    00000000000000000000000                                                    0          
0010001300168B   100007767949656                                                                                               15052024000000000000000000000000000000000000000000000000000000000000000000000000000               0      00000000
0010001300169A0000183410696000000000230941 ZELIA PEREIRA DA SILVA                            15052024BRL000000000000000000000000026100                    00000000000000000000000                                                    0          
0010001300170B   100081304447634                                                                                               15052024000000000000000000000000000000000000000000000000000000000000000000000000000               0      00000000
0010001300171A0000181040294000007734354093 CARLOS ANTONIO DE LIMA                            15052024BRL000000000000000000000000013572                    00000000000000000000000                                                    0          
0010001300172B   100051947323687                                                                                               15052024000000000000000000000000000000000000000000000000000000000000000000000000000               0      00000000
0010001300173A0000181040163900008552458754 KEVILIN WAGNER DA CRUZ MOURA                      15052024BRL000000000000000000000000013050                    00000000000000000000000                                                    0          
0010001300174B   100011453593616                                                                                               15052024000000000000000000000000000000000000000000000000000000000000000000000000000               0      00000000
0010001300175A0000181040089300007652388652 MARIA DE AGUILAR VIEIRA                           15052024BRL000000000000000000000000013050                    00000000000000000000000                                                    0          
0010001300176B   100073593443600                                                                                               15052024000000000000000000000000000000000000000000000000000000000000000000000000000               0      00000000
0010001300177A0000180010303250000000588164 MEIRIELI FABIANA SILVA FAUL                       15052024BRL000000000000000000000000013572                    00000000000000000000000                                                    0          
0010001300178B   100003728693600                                                                                               15052024000000000000000000000000000000000000000000000000000000000000000000000000000               0      00000000
0010001300179A0000180010163300000001251252 NELMA APARECIDA SILVA MENEZES                     15052024BRL000000000000000000000000013572                    00000000000000000000000                                                    0          
0010001300180B   100081593074620                                                                                               15052024000000000000000000000000000000000000000000000000000000000000000000000000000               0      00000000
0010001300181A0000181040242700007747236370 RAQUEL GOMES DOS SANTOS                           15052024BRL000000000000000000000000013572                    00000000000000000000000                                                    0          
0010001300182B   100090002830604                                                                                               15052024000000000000000000000000000000000000000000000000000000000000000000000000000               0      00000000
0010001300183A0000181040089300000000674220 ROSILENE NATIVIDADE PIRES CUNH                    15052024BRL000000000000000000000000013572                    00000000000000000000000                                                    0          
0010001300184B   100000687484693                                                                                               15052024000000000000000000000000000000000000000000000000000000000000000000000000000               0      00000000
0010001300185A0000180010075010000000745987 SILVANIA ALAIDE ALVES DE RESEN                    15052024BRL000000000000000000000000013572                    00000000000000000000000                                                    0          
0010001300186B   100092001343604                                                                                               15052024000000000000000000000000000000000000000000000000000000000000000000000000000               0      00000000
0010001300187A0000181040294000000000428025 ADERCIDES CARREIRO PINTO FILHO                    15052024BRL000000000000000000000000013572                    00000000000000000000000                                                    0          
0010001300188B   100095734368687                                                                                               15052024000000000000000000000000000000000000000000000000000000000000000000000000000               0      00000000
0010001300189A0000180010163300000000538752 CLAUDIO ROBERTO DE OLIVEIRA CA                    15052024BRL000000000000000000000000013572                    00000000000000000000000                                                    0          
0010001300190B   100086716891668                                                                                               15052024000000000000000000000000000000000000000000000000000000000000000000000000000               0      00000000
0010001300191A0000180010281850000000560383 ELISABETH MARIA DE OLIVEIRS                       15052024BRL000000000000000000000000013572                    00000000000000000000000                                                    0          
0010001300192B   100001292444657                                                                                               15052024000000000000000000000000000000000000000000000000000000000000000000000000000               0      00000000
0010001300193A0000181040089300000000042240 JANE COSTA FERREIRA                               15052024BRL000000000000000000000000013572                    00000000000000000000000                                                    0          
0010001300194B   100042086337604                                                                                               15052024000000000000000000000000000000000000000000000000000000000000000000000000000               0      00000000
0010001300195A0000181040089300008585804929 MATILDE CASTORINA TINOCO DE SA                    15052024BRL000000000000000000000000013572                    00000000000000000000000                                                    0          
0010001300196B   100075310597620                                                                                               15052024000000000000000000000000000000000000000000000000000000000000000000000000000               0      00000000
0010001300197A0000180010163300000000344001 ROGERIO DOS SANTOS                                15052024BRL000000000000000000000000026100                    00000000000000000000000                                                    0          
0010001300198B   100037433440682                                                                                               15052024000000000000000000000000000000000000000000000000000000000000000000000000000               0      00000000
0010001300199A0000181040294000008551293980 SIMONE SANTOS CARVALHO TEIXEIR                    15052024BRL000000000000000000000000013572                    00000000000000000000000                                                    0          
0010001300200B   100006756041681                                                                                               15052024000000000000000000000000000000000000000000000000000000000000000000000000000               0      00000000
0010001300201A0000180010163300000000263338 VALERIA MARCILIA DA SILVA                         15052024BRL000000000000000000000000013572                    00000000000000000000000                                                    0          
0010001300202B   100089234006615                                                                                               15052024000000000000000000000000000000000000000000000000000000000000000000000000000               0      00000000
0010001300203A0000181040152900008560704912 CATIA APARECIDA DA SILVA                          15052024BRL000000000000000000000000013572                    00000000000000000000000                                                    0          
0010001300204B   100005052272669                                                                                               15052024000000000000000000000000000000000000000000000000000000000000000000000000000               0      00000000
0010001300205A0000180010567900000000961930 ELAINE CRISTINA MARTINS SALLES                    15052024BRL000000000000000000000000013572                    00000000000000000000000                                                    0          
0010001300206B   100002573606627                                                                                               15052024000000000000000000000000000000000000000000000000000000000000000000000000000               0      00000000
0010001300207A0000180010567900000005393884 KATIA DANIELA FERNANDES VASCON                    15052024BRL000000000000000000000000026100                    00000000000000000000000                                                    0          
0010001300208B   100002782837648                                                                                               15052024000000000000000000000000000000000000000000000000000000000000000000000000000               0      00000000
0010001300209A0000182370102860000100072246 LUANA MOURA GONCALVES DAMASCEN                    15052024BRL000000000000000000000000013572                    00000000000000000000000                                                    0          
0010001300210B   100009010900690                                                                                               15052024000000000000000000000000000000000000000000000000000000000000000000000000000               0      00000000
0010001300211A0000180010567900000005022142 LUIZ FELIPE DE ARAUJO RIBEIRO                     15052024BRL000000000000000000000000013572                    00000000000000000000000                                                    0          
0010001300212B   100010260624624                                                                                               15052024000000000000000000000000000000000000000000000000000000000000000000000000000               0      00000000
0010001300213A000018001028185000000041784X VIVIAN CRISTIANE D ANUNCIACAO                     15052024BRL000000000000000000000000013572                    00000000000000000000000                                                    0          
0010001300214B   100005006424605                                                                                               15052024000000000000000000000000000000000000000000000000000000000000000000000000000               0      00000000
0010001300215A0000181040152900000000155471 XAIENNE GODOY PELLUCCI MACIEL                     15052024BRL000000000000000000000000013572                    00000000000000000000000                                                    0          
0010001300216B   100010136547656                                                                                               15052024000000000000000000000000000000000000000000000000000000000000000000000000000               0      00000000
0010001300217A0000180010361020000000491322 LIDIANE GOMES DA SILVA                            15052024BRL000000000000000000000000013572                    00000000000000000000000                                                    0          
0010001300218B   100009534181625                                                                                               15052024000000000000000000000000000000000000000000000000000000000000000000000000000               0      00000000
0010001300219A0000182600000100000431315192 ROSANE DA COSTA SANTOS                            15052024BRL000000000000000000000000013572                    00000000000000000000000                                                    0          
0010001300220B   100009815940694                                                                                               15052024000000000000000000000000000000000000000000000000000000000000000000000000000               0      00000000
0010001300221A0000181040089300000002558988 RUBENS ASSIS BATISTA DE SOUZA                     15052024BRL000000000000000000000000013050                    00000000000000000000000                                                    0          
0010001300222B   100075980428615                                                                                               15052024000000000000000000000000000000000000000000000000000000000000000000000000000               0      00000000
0010001300223A0000181040163900008536430344 YASMIN ENAILE DE MELO SILVA                       15052024BRL000000000000000000000000013572                    00000000000000000000000                                                    0          
0010001300224B   100013115577680                                                                                               15052024000000000000000000000000000000000000000000000000000000000000000000000000000               0      00000000
00100015         000226000000000001574700000000000000000000000000                                                                                                                                                                               
00199999         000001000228000000                                                                                                                                                                                                             
