00100000         2166944650001200009731870126       01633000000007151070FUNDACAO DE ENSINO DE CONTAGEMBANCO DO BRASIL S/A                     10312202400000000177900000000                                                                     
00100011C9803031 2166944650001200009731870126       01633000000007151070FUNDACAO DE ENSINO DE CONTAGEM                                                                                                                                          
0010001300001A0000181040000870005954374062 CLAUDIO HERBERT GOMES NOVATO                      04122024BRL000000000000000000000000016200                    00000000000000000000000                                                    0          
0010001300002B   100000118503618                                                                                               03122024000000000000000000000000000000000000000000000000000000000000000000000000000               0      00000000
0010001300003A0000180330387600000010751778 EDLAINE ROSE DE AGUIAR                            04122024BRL000000000000000000000000016200                    00000000000000000000000                                                    0          
0010001300004B   100094062412691                                                                                               03122024000000000000000000000000000000000000000000000000000000000000000000000000000               0      00000000
0010001300005A0000180330348800000010228855 ELIZABETH ABRAAO BARRETO                          04122024BRL000000000000000000000000013500                    00000000000000000000000                                                    0          
0010001300006B   100003351072651                                                                                               03122024000000000000000000000000000000000000000000000000000000000000000000000000000               0      00000000
0010001300007A0000183410116000000000006365 GABRIEL LUIZ DE BARCELOS                          04122024BRL000000000000000000000000016200                    00000000000000000000000                                                    0          
0010001300008B   100031881483649                                                                                               03122024000000000000000000000000000000000000000000000000000000000000000000000000000               0      00000000
0010001300009A0000180770000100000007579063 HEBERT BRENNER CUNHA DOS SANTO                    04122024BRL000000000000000000000000016200                    00000000000000000000000                                                    0          
0010001300010B   100013529097667                                                                                               03122024000000000000000000000000000000000000000000000000000000000000000000000000000               0      00000000
0010001300011A0000180330348800000010038599 JARBAS JOANES DOS SANTOS                          04122024BRL000000000000000000000000013500                    00000000000000000000000                                                    0          
0010001300012B   100037349376634                                                                                               03122024000000000000000000000000000000000000000000000000000000000000000000000000000               0      00000000
0010001300013A0000183410563600000000710872 CACIANO AUGUSTO LELES OLIVEIRA                    04122024BRL000000000000000000000000013500                    00000000000000000000000                                                    0          
0010001300014B   100013432902603                                                                                               03122024000000000000000000000000000000000000000000000000000000000000000000000000000               0      00000000
0010001300015A0000180330348800000010144429 CELIA MARIA DA SILVA                              04122024BRL000000000000000000000000013500                    00000000000000000000000                                                    0          
0010001300016B   100048529486668                                                                                               03122024000000000000000000000000000000000000000000000000000000000000000000000000000               0      00000000
0010001300017A0000180010306190000001248928 CESAR AUGUSTO MOURA ASSUNCAO                      04122024BRL000000000000000000000000013500                    00000000000000000000000                                                    0          
0010001300018B   100002845408625                                                                                               03122024000000000000000000000000000000000000000000000000000000000000000000000000000               0      00000000
0010001300019A0000180330348800000010194259 CLEONICE LELES OLIVEIRA                           04122024BRL000000000000000000000000026100                    00000000000000000000000                                                    0          
0010001300020B   100086788680663                                                                                               03122024000000000000000000000000000000000000000000000000000000000000000000000000000               0      00000000
0010001300021A0000183410563600000000733643 DENISE APARECIDA VIEIRA GONCAL                    04122024BRL000000000000000000000000013000                    00000000000000000000000                                                    0          
0010001300022B   100004251071670                                                                                               03122024000000000000000000000000000000000000000000000000000000000000000000000000000               0      00000000
0010001300023A0000180330348800000010241681 ELIZABETE DE OLIVEIRA GONCALVE                    04122024BRL000000000000000000000000013500                    00000000000000000000000                                                    0          
0010001300024B   100075663635653                                                                                               03122024000000000000000000000000000000000000000000000000000000000000000000000000000               0      00000000
0010001300025A0000180330348800000010548672 GLEICYMARA DE CASTRO REZENDE                      04122024BRL000000000000000000000000013500                    00000000000000000000000                                                    0          
0010001300026B   100011497179637                                                                                               03122024000000000000000000000000000000000000000000000000000000000000000000000000000               0      00000000
0010001300027A0000180330348800000010798561 HERONILDE KELLY DE CARVALHO LA                    04122024BRL000000000000000000000000013500                    00000000000000000000000                                                    0          
0010001300028B   100099052113653                                                                                               03122024000000000000000000000000000000000000000000000000000000000000000000000000000               0      00000000
0010001300029A0000180330348800000037534975 JACIARA LOPES DE ALMEIDA VEIGA                    04122024BRL000000000000000000000000013500                    00000000000000000000000                                                    0          
0010001300030B   100000969951655                                                                                               03122024000000000000000000000000000000000000000000000000000000000000000000000000000               0      00000000
0010001300031A0000180770000100000150592329 JULIA LARA DOS SANTOS OLIVEIRA                    04122024BRL000000000000000000000000013500                    00000000000000000000000                                                    0          
0010001300032B   100017641498663                                                                                               03122024000000000000000000000000000000000000000000000000000000000000000000000000000               0      00000000
0010001300033A0000180330208200000010634497 LUANA THAYS SOARES PEREIRA                        04122024BRL000000000000000000000000013500                    00000000000000000000000                                                    0          
0010001300034B   100070029543690                                                                                               03122024000000000000000000000000000000000000000000000000000000000000000000000000000               0      00000000
0010001300035A0000180330348800000010180342 MARCILANE TEODORO                                 04122024BRL000000000000000000000000013500                    00000000000000000000000                                                    0          
0010001300036B   100000825316685                                                                                               03122024000000000000000000000000000000000000000000000000000000000000000000000000000               0      00000000
0010001300037A0000183410693800000000572556 MARIA HELOISA DE FREITAS SANTO                    04122024BRL000000000000000000000000013500                    00000000000000000000000                                                    0          
0010001300038B   100016671778698                                                                                               03122024000000000000000000000000000000000000000000000000000000000000000000000000000               0      00000000
0010001300039A0000180010163300000000249130 MARIA MONICA DE ASSIS MEIRELES                    04122024BRL000000000000000000000000013500                    00000000000000000000000                                                    0          
0010001300040B   100042647622604                                                                                               03122024000000000000000000000000000000000000000000000000000000000000000000000000000               0      00000000
0010001300041A0000182600000100000873162066 MARIA SILVA DOS REIS                              04122024BRL000000000000000000000000013500                    00000000000000000000000                                                    0          
0010001300042B   100012726705626                                                                                               03122024000000000000000000000000000000000000000000000000000000000000000000000000000               0      00000000
0010001300043A0000180770000100000151978298 RAISSA CAROLINA VEIGA                             04122024BRL000000000000000000000000013500                    00000000000000000000000                                                    0          
0010001300044B   100014089088674                                                                                               03122024000000000000000000000000000000000000000000000000000000000000000000000000000               0      00000000
0010001300045A0000180770000100000069685550 RARISSON ASSIS GONCALVES                          04122024BRL000000000000000000000000013500                    00000000000000000000000                                                    0          
0010001300046B   100012258090610                                                                                               03122024000000000000000000000000000000000000000000000000000000000000000000000000000               0      00000000
0010001300047A0000180770000100000075773708 RODOLFO NATANAEL DE SOUZA                         04122024BRL000000000000000000000000013500                    00000000000000000000000                                                    0          
0010001300048B   100011064949622                                                                                               03122024000000000000000000000000000000000000000000000000000000000000000000000000000               0      00000000
0010001300049A0000180330348800000010314529 ROSILENE MONTEIRO DOS SANTOS C                    04122024BRL000000000000000000000000026100                    00000000000000000000000                                                    0          
0010001300050B   100085702471687                                                                                               03122024000000000000000000000000000000000000000000000000000000000000000000000000000               0      00000000
0010001300051A0000180330348800000010291772 SELMA HELENA SILVA                                04122024BRL000000000000000000000000013000                    00000000000000000000000                                                    0          
0010001300052B   100069613672672                                                                                               03122024000000000000000000000000000000000000000000000000000000000000000000000000000               0      00000000
0010001300053A0000182600000100000081083291 STEPHANIE MONTEIRO COSTA                          04122024BRL000000000000000000000000013500                    00000000000000000000000                                                    0          
0010001300054B   100013204406652                                                                                               03122024000000000000000000000000000000000000000000000000000000000000000000000000000               0      00000000
0010001300055A0000181040152900000000326213 THAUANE JULIANA VEIGA                             04122024BRL000000000000000000000000013500                    00000000000000000000000                                                    0          
0010001300056B   100010293319600                                                                                               03122024000000000000000000000000000000000000000000000000000000000000000000000000000               0      00000000
0010001300057A0000182370185540000000482897 VICTORIA DE JESUS SOUZA KALIL                     04122024BRL000000000000000000000000013500                    00000000000000000000000                                                    0          
0010001300058B   100002079865501                                                                                               03122024000000000000000000000000000000000000000000000000000000000000000000000000000               0      00000000
0010001300059A0000183410143000000000522068 ALAN FERNANDES RODRIGUES                          04122024BRL000000000000000000000000013500                    00000000000000000000000                                                    0          
0010001300060B   100002167610696                                                                                               03122024000000000000000000000000000000000000000000000000000000000000000000000000000               0      00000000
0010001300061A0000182370389900000005630517 CAMILA DE ASSIS HONORIO                           04122024BRL000000000000000000000000013000                    00000000000000000000000                                                    0          
0010001300062B   100009611073674                                                                                               03122024000000000000000000000000000000000000000000000000000000000000000000000000000               0      00000000
0010001300063A0000182600000100000102826912 CAROLINA MOREIRA DE SOUZA                         04122024BRL000000000000000000000000013500                    00000000000000000000000                                                    0          
0010001300064B   100006274903607                                                                                               03122024000000000000000000000000000000000000000000000000000000000000000000000000000               0      00000000
0010001300065A0000183410333400000000133422 CLAUDIA MARIA RODRIGUES TAVARE                    04122024BRL000000000000000000000000013500                    00000000000000000000000                                                    0          
0010001300066B   100079340270606                                                                                               03122024000000000000000000000000000000000000000000000000000000000000000000000000000               0      00000000
0010001300067A0000180770000100000045415366 DAIANE SOARES DE OLIVEIRA                         04122024BRL000000000000000000000000013500                    00000000000000000000000                                                    0          
0010001300068B   100009716897685                                                                                               03122024000000000000000000000000000000000000000000000000000000000000000000000000000               0      00000000
0010001300069A0000183410303700000000376070 DULCIMARA DA PAIXAO OLIVEIRA F                    04122024BRL000000000000000000000000013500                    00000000000000000000000                                                    0          
0010001300070B   100089751370663                                                                                               03122024000000000000000000000000000000000000000000000000000000000000000000000000000               0      00000000
0010001300071A0000182600000100000542355362 ISRAEL CALEBE SANTANA                             04122024BRL000000000000000000000000013500                    00000000000000000000000                                                    0          
0010001300072B   100002167090676                                                                                               03122024000000000000000000000000000000000000000000000000000000000000000000000000000               0      00000000
0010001300073A0000180330427600000010485489 JOANA GABRIELA SILVA                              04122024BRL000000000000000000000000013500                    00000000000000000000000                                                    0          
0010001300074B   100013931254682                                                                                               03122024000000000000000000000000000000000000000000000000000000000000000000000000000               0      00000000
0010001300075A0000180010438340000000127329 JORGE JOAQUIM FERREIRA                            04122024BRL000000000000000000000000013500                    00000000000000000000000                                                    0          
0010001300076B   100001341352706                                                                                               03122024000000000000000000000000000000000000000000000000000000000000000000000000000               0      00000000
0010001300077A0000183410563600000000727306 KARINE JESSICA SANTANA                            04122024BRL000000000000000000000000026100                    00000000000000000000000                                                    0          
0010001300078B   100013481361629                                                                                               03122024000000000000000000000000000000000000000000000000000000000000000000000000000               0      00000000
0010001300079A0000180330348800000020154531 KARLA CRISTINA DA CUNHA DI BLA                    04122024BRL000000000000000000000000013500                    00000000000000000000000                                                    0          
0010001300080B   100009378655670                                                                                               03122024000000000000000000000000000000000000000000000000000000000000000000000000000               0      00000000
0010001300081A0000183410158300000000225683 LUCIENE APARECIDA DA SILVA                        04122024BRL000000000000000000000000013000                    00000000000000000000000                                                    0          
0010001300082B   100001566412676                                                                                               03122024000000000000000000000000000000000000000000000000000000000000000000000000000               0      00000000
0010001300083A0000183410693800000000368906 MARIA APARECIDA DE SOUZA LUCAS                    04122024BRL000000000000000000000000013500                    00000000000000000000000                                                    0          
0010001300084B   100065194535600                                                                                               03122024000000000000000000000000000000000000000000000000000000000000000000000000000               0      00000000
0010001300085A0000180330348800000010135531 MARIA SOLANGE MONTEIRO                            04122024BRL000000000000000000000000013500                    00000000000000000000000                                                    0          
0010001300086B   100078336406620                                                                                               03122024000000000000000000000000000000000000000000000000000000000000000000000000000               0      00000000
0010001300087A0000182600000100000871504523 MARIANA VALVERDE GOMES                            04122024BRL000000000000000000000000013500                    00000000000000000000000                                                    0          
0010001300088B   100014012676610                                                                                               03122024000000000000000000000000000000000000000000000000000000000000000000000000000               0      00000000
0010001300089A0000182600000100000430777826 RENATO JOAQUIM SANTANA                            04122024BRL000000000000000000000000013000                    00000000000000000000000                                                    0          
0010001300090B   100079314198634                                                                                               03122024000000000000000000000000000000000000000000000000000000000000000000000000000               0      00000000
0010001300091A0000180330348800000010868152 SANAKELLY DE CASTRO REZENDE FI                    04122024BRL000000000000000000000000013500                    00000000000000000000000                                                    0          
0010001300092B   100010946266603                                                                                               03122024000000000000000000000000000000000000000000000000000000000000000000000000000               0      00000000
0010001300093A0000183410563600000000912155 SANDRA HELENA DE SOUZA SANTANA                    04122024BRL000000000000000000000000026100                    00000000000000000000000                                                    0          
0010001300094B   100003523818680                                                                                               03122024000000000000000000000000000000000000000000000000000000000000000000000000000               0      00000000
0010001300095A0000183410563600000000471822 ADRIANA SILVA SERAFIM SANTOS                      04122024BRL000000000000000000000000013000                    00000000000000000000000                                                    0          
0010001300096B   100008162037683                                                                                               03122024000000000000000000000000000000000000000000000000000000000000000000000000000               0      00000000
0010001300097A0000183410777100000000363251 AMANDA TEIXEIRA CARDOSO                           04122024BRL000000000000000000000000013500                    00000000000000000000000                                                    0          
0010001300098B   100011463512678                                                                                               03122024000000000000000000000000000000000000000000000000000000000000000000000000000               0      00000000
0010001300099A0000182600000100000469795006 ANNE CAROLINE DE OLIVEIRA GLIC                    04122024BRL000000000000000000000000013500                    00000000000000000000000                                                    0          
0010001300100B   100012206527685                                                                                               03122024000000000000000000000000000000000000000000000000000000000000000000000000000               0      00000000
0010001300101A0000182370288780000000579157 CASSIO MURILO DE ALKIMIM                          04122024BRL000000000000000000000000013000                    00000000000000000000000                                                    0          
0010001300102B   100073532460653                                                                                               03122024000000000000000000000000000000000000000000000000000000000000000000000000000               0      00000000
0010001300103A0000181040152900008552690754 FABIANA ALCIONE DA SILVA COUTI                    04122024BRL000000000000000000000000013500                    00000000000000000000000                                                    0          
0010001300104B   100002975818645                                                                                               03122024000000000000000000000000000000000000000000000000000000000000000000000000000               0      00000000
0010001300105A0000183410563600000000459256 FAGNER VIEIRA SOUZA SANTOS                        04122024BRL000000000000000000000000013500                    00000000000000000000000                                                    0          
0010001300106B   100005393287666                                                                                               03122024000000000000000000000000000000000000000000000000000000000000000000000000000               0      00000000
0010001300107A0000180770000100000187667748 FRANCISCO AUGUSTO VILACA DA CO                    04122024BRL000000000000000000000000013500                    00000000000000000000000                                                    0          
0010001300108B   100002198601656                                                                                               03122024000000000000000000000000000000000000000000000000000000000000000000000000000               0      00000000
0010001300109A0000181040381400007671627578 GRACIELLE PEREIRA ALEXANDRE                       04122024BRL000000000000000000000000013500                    00000000000000000000000                                                    0          
0010001300110B   100005840354627                                                                                               03122024000000000000000000000000000000000000000000000000000000000000000000000000000               0      00000000
0010001300111A0000182600000100000408619411 JOKASTA THAIS CALSAVARA                           04122024BRL000000000000000000000000013500                    00000000000000000000000                                                    0          
0010001300112B   100013169285602                                                                                               03122024000000000000000000000000000000000000000000000000000000000000000000000000000               0      00000000
0010001300113A0000182600000100000373324565 JONATHAN DA SILVA NERES                           04122024BRL000000000000000000000000026100                    00000000000000000000000                                                    0          
0010001300114B   100008448054679                                                                                               03122024000000000000000000000000000000000000000000000000000000000000000000000000000               0      00000000
0010001300115A0000180010163300000000196738 KATIA REGINA ALKIMIM                              04122024BRL000000000000000000000000013500                    00000000000000000000000                                                    0          
0010001300116B   100063218445604                                                                                               03122024000000000000000000000000000000000000000000000000000000000000000000000000000               0      00000000
0010001300117A0000182600000100000420132149 MERYSSON EDUARDO FERNANDES MON                    04122024BRL000000000000000000000000013500                    00000000000000000000000                                                    0          
0010001300118B   100013568022656                                                                                               03122024000000000000000000000000000000000000000000000000000000000000000000000000000               0      00000000
0010001300119A0000182600000100000305794393 LEANDRO GUSTAVO RODRIGUES OLIV                    04122024BRL000000000000000000000000013500                    00000000000000000000000                                                    0          
0010001300120B   100015728121683                                                                                               03122024000000000000000000000000000000000000000000000000000000000000000000000000000               0      00000000
0010001300121A0000183410741400000000484654 LUIZ HEITOR DE OLIVEIRA PEREIR                    04122024BRL000000000000000000000000013500                    00000000000000000000000                                                    0          
0010001300122B   100014397304661                                                                                               03122024000000000000000000000000000000000000000000000000000000000000000000000000000               0      00000000
0010001300123A0000180770000100000065243951 NADIA DE SOUZA SILVA                              04122024BRL000000000000000000000000013500                    00000000000000000000000                                                    0          
0010001300124B   100013010756631                                                                                               03122024000000000000000000000000000000000000000000000000000000000000000000000000000               0      00000000
0010001300125A0000180330348800000010891750 NATHANE SUELLEN FERREIRA ALKIM                    04122024BRL000000000000000000000000026100                    00000000000000000000000                                                    0          
0010001300126B   100009150596659                                                                                               03122024000000000000000000000000000000000000000000000000000000000000000000000000000               0      00000000
0010001300127A000018001056790000000004153X NISLAYNE JULIA FERNANDES MONTE                    04122024BRL000000000000000000000000013500                    00000000000000000000000                                                    0          
0010001300128B   100002209423660                                                                                               03122024000000000000000000000000000000000000000000000000000000000000000000000000000               0      00000000
0010001300129A0000182600000100000090424851 PAULO CESAR FIGUEIRA ALKIMIM                      04122024BRL000000000000000000000000013500                    00000000000000000000000                                                    0          
0010001300130B   100012895534675                                                                                               03122024000000000000000000000000000000000000000000000000000000000000000000000000000               0      00000000
0010001300131A0000182600000100003353245132 RIANI DA SILVA JUSTINO BRUNO                      04122024BRL000000000000000000000000013500                    00000000000000000000000                                                    0          
0010001300132B   100091949580687                                                                                               03122024000000000000000000000000000000000000000000000000000000000000000000000000000               0      00000000
0010001300133A0000180330348800000010715308 ROSANGELA CASTILHO FERREIRA MO                    04122024BRL000000000000000000000000013500                    00000000000000000000000                                                    0          
0010001300134B   100091939070600                                                                                               03122024000000000000000000000000000000000000000000000000000000000000000000000000000               0      00000000
0010001300135A0000181040089300005888379448 ADRIANA DOS SANTOS SILVINO                        04122024BRL000000000000000000000000013500                    00000000000000000000000                                                    0          
0010001300136B   100001084219611                                                                                               03122024000000000000000000000000000000000000000000000000000000000000000000000000000               0      00000000
0010001300137A0000183410158200000000200646 ADRIANA FERNANDES SALDANHA                        04122024BRL000000000000000000000000013500                    00000000000000000000000                                                    0          
0010001300138B   100059236035604                                                                                               03122024000000000000000000000000000000000000000000000000000000000000000000000000000               0      00000000
0010001300139A0000180330387600000010690635 ANA CLARA TORRES DOS SANTOS                       04122024BRL000000000000000000000000013500                    00000000000000000000000                                                    0          
0010001300140B   100007966705609                                                                                               03122024000000000000000000000000000000000000000000000000000000000000000000000000000               0      00000000
0010001300141A0000183410138200000000565248 ANA FLAVIA FIRMINO MARIANO                        04122024BRL000000000000000000000000013500                    00000000000000000000000                                                    0          
0010001300142B   100011306438675                                                                                               03122024000000000000000000000000000000000000000000000000000000000000000000000000000               0      00000000
0010001300143A0000180330348800000010149565 ANA MARIA DINIZ SOUZA ARAUJO                      04122024BRL000000000000000000000000013500                    00000000000000000000000                                                    0          
0010001300144B   100032640684604                                                                                               03122024000000000000000000000000000000000000000000000000000000000000000000000000000               0      00000000
0010001300145A0000180770000100000130318531 ANDREIA CRISTINA RESENDE NOGUE                    04122024BRL000000000000000000000000013500                    00000000000000000000000                                                    0          
0010001300146B   100003065306603                                                                                               03122024000000000000000000000000000000000000000000000000000000000000000000000000000               0      00000000
0010001300147A0000182600000100000108971515 ASHILEY BRUNELLI RODRIGUES DUT                    04122024BRL000000000000000000000000013000                    00000000000000000000000                                                    0          
0010001300148B   100009356114609                                                                                               03122024000000000000000000000000000000000000000000000000000000000000000000000000000               0      00000000
0010001300149A0000180770000100000011506873 BARBARA SILVA FERREIRA                            04122024BRL000000000000000000000000013500                    00000000000000000000000                                                    0          
0010001300150B   100011869686640                                                                                               03122024000000000000000000000000000000000000000000000000000000000000000000000000000               0      00000000
0010001300151A0000180770000100000034977317 BARBARA VICENTE VIEIRA                            04122024BRL000000000000000000000000013500                    00000000000000000000000                                                    0          
0010001300152B   100013864253624                                                                                               03122024000000000000000000000000000000000000000000000000000000000000000000000000000               0      00000000
0010001300153A0000180770000100000093315791 BLENDA FELICISSIMO FERREIRA MA                    04122024BRL000000000000000000000000013500                    00000000000000000000000                                                    0          
0010001300154B   100013860482670                                                                                               03122024000000000000000000000000000000000000000000000000000000000000000000000000000               0      00000000
0010001300155A0000183410046600000006802184 CLAUDIO PEREIRA DE SOUZA                          04122024BRL000000000000000000000000013500                    00000000000000000000000                                                    0          
0010001300156B   100013491069688                                                                                               03122024000000000000000000000000000000000000000000000000000000000000000000000000000               0      00000000
0010001300157A0000182600000100000963838036 DIEGO ALENCAR BARBOSA DA SILVA                    04122024BRL000000000000000000000000013500                    00000000000000000000000                                                    0          
0010001300158B   100008411723666                                                                                               03122024000000000000000000000000000000000000000000000000000000000000000000000000000               0      00000000
0010001300159A0000180330427200000010984009 EDUARDO PEREIRA SILVA                             04122024BRL000000000000000000000000013500                    00000000000000000000000                                                    0          
0010001300160B   100012726563651                                                                                               03122024000000000000000000000000000000000000000000000000000000000000000000000000000               0      00000000
0010001300161A0000182370213200000005665906 ELOISA DE FATIMA PEREIRA SILVA                    04122024BRL000000000000000000000000013500                    00000000000000000000000                                                    0          
0010001300162B   100000141221623                                                                                               03122024000000000000000000000000000000000000000000000000000000000000000000000000000               0      00000000
0010001300163A0000180330304900000010105148 FABIO MARCELO ROCHA GOMES                         04122024BRL000000000000000000000000013500                    00000000000000000000000                                                    0          
0010001300164B   100063178729615                                                                                               03122024000000000000000000000000000000000000000000000000000000000000000000000000000               0      00000000
0010001300165A0000182600000100000158134286 GABRIELA KETLEN MORAIS                            04122024BRL000000000000000000000000013500                    00000000000000000000000                                                    0          
0010001300166B   100070170897664                                                                                               03122024000000000000000000000000000000000000000000000000000000000000000000000000000               0      00000000
0010001300167A0000183410309600000000533694 GERSON GUEDES DE CARVALHO                         04122024BRL000000000000000000000000013500                    00000000000000000000000                                                    0          
0010001300168B   100079028012672                                                                                               03122024000000000000000000000000000000000000000000000000000000000000000000000000000               0      00000000
0010001300169A0000183410693800000000555346 GLAYSON RODARTE CAEIRO                            04122024BRL000000000000000000000000013500                    00000000000000000000000                                                    0          
0010001300170B   100015207206613                                                                                               03122024000000000000000000000000000000000000000000000000000000000000000000000000000               0      00000000
0010001300171A0000180330348800000105588290 IRENE FERREIRA DE ALBERGARIA D                    04122024BRL000000000000000000000000013500                    00000000000000000000000                                                    0          
0010001300172B   100029520070630                                                                                               03122024000000000000000000000000000000000000000000000000000000000000000000000000000               0      00000000
0010001300173A0000182600000100000409974089 JESSICA DE FREITAS CALDEIRA                       04122024BRL000000000000000000000000013500                    00000000000000000000000                                                    0          
0010001300174B   100011397072644                                                                                               03122024000000000000000000000000000000000000000000000000000000000000000000000000000               0      00000000
0010001300175A0000180770000100000193265311 JULIA CAROLINA SANTANA DINIZ                      04122024BRL000000000000000000000000013500                    00000000000000000000000                                                    0          
0010001300176B   100008771492674                                                                                               03122024000000000000000000000000000000000000000000000000000000000000000000000000000               0      00000000
0010001300177A0000180330348800000010756800 JUSSARA CRISTINA DE CASTRO GON                    04122024BRL000000000000000000000000013500                    00000000000000000000000                                                    0          
0010001300178B   100012305468636                                                                                               03122024000000000000000000000000000000000000000000000000000000000000000000000000000               0      00000000
0010001300179A0000180330423700000010817755 LIRIA MARTINS CARNEIRO                            04122024BRL000000000000000000000000013500                    00000000000000000000000                                                    0          
0010001300180B   100000950431605                                                                                               03122024000000000000000000000000000000000000000000000000000000000000000000000000000               0      00000000
0010001300181A0000182370046690000006633110 MARIA AMELIA DIAS                                 04122024BRL000000000000000000000000013500                    00000000000000000000000                                                    0          
0010001300182B   100004449639600                                                                                               03122024000000000000000000000000000000000000000000000000000000000000000000000000000               0      00000000
0010001300183A0000180330348800000010762733 MARIA DA GLORIA DE MARQUES                        04122024BRL000000000000000000000000013500                    00000000000000000000000                                                    0          
0010001300184B   100050822624672                                                                                               03122024000000000000000000000000000000000000000000000000000000000000000000000000000               0      00000000
0010001300185A0000180330427600000010030199 MARIA DE FATIMA PEREIRA MENDES                    04122024BRL000000000000000000000000013500                    00000000000000000000000                                                    0          
0010001300186B   100081809980615                                                                                               03122024000000000000000000000000000000000000000000000000000000000000000000000000000               0      00000000
0010001300187A0000183360000100000037934872 MARIANNA OLIVEIRA DE MAGALHAES                    04122024BRL000000000000000000000000013500                    00000000000000000000000                                                    0          
0010001300188B   100012079319698                                                                                               03122024000000000000000000000000000000000000000000000000000000000000000000000000000               0      00000000
0010001300189A0000182600000100000401238042 REGINALDO PEREIRA DO CARMO                        04122024BRL000000000000000000000000026100                    00000000000000000000000                                                    0          
0010001300190B   100002949778640                                                                                               03122024000000000000000000000000000000000000000000000000000000000000000000000000000               0      00000000
0010001300191A0000180010329720000000002208 RENAN NONATO CABANA VIEIRA                        04122024BRL000000000000000000000000013500                    00000000000000000000000                                                    0          
0010001300192B   100010790336618                                                                                               03122024000000000000000000000000000000000000000000000000000000000000000000000000000               0      00000000
0010001300193A0000180010587500000000251453 ROGERIO WAGNER DE OLIVEIRA                        04122024BRL000000000000000000000000013500                    00000000000000000000000                                                    0          
0010001300194B   100001379699614                                                                                               03122024000000000000000000000000000000000000000000000000000000000000000000000000000               0      00000000
0010001300195A0000183410563600000000624164 RONILDA VITOR SANTANA DINIZ                       04122024BRL000000000000000000000000013500                    00000000000000000000000                                                    0          
0010001300196B   100002477223674                                                                                               03122024000000000000000000000000000000000000000000000000000000000000000000000000000               0      00000000
0010001300197A0000182600000100000654645801 ROSELENE MOREIRA GOMES                            04122024BRL000000000000000000000000013000                    00000000000000000000000                                                    0          
0010001300198B   100003425856650                                                                                               03122024000000000000000000000000000000000000000000000000000000000000000000000000000               0      00000000
0010001300199A0000183410309600000000767110 SANDY PEREIRA DOS SANTOS                          04122024BRL000000000000000000000000013500                    00000000000000000000000                                                    0          
0010001300200B   100014608659600                                                                                               03122024000000000000000000000000000000000000000000000000000000000000000000000000000               0      00000000
0010001300201A0000180330348800000010250359 SORAIA DE MOURA FERNANDES                         04122024BRL000000000000000000000000013500                    00000000000000000000000                                                    0          
0010001300202B   100072001097620                                                                                               03122024000000000000000000000000000000000000000000000000000000000000000000000000000               0      00000000
0010001300203A0000181040163900005838812431 VANILDE PEREIRA DO CARMO                          04122024BRL000000000000000000000000013500                    00000000000000000000000                                                    0          
0010001300204B   100007981748623                                                                                               03122024000000000000000000000000000000000000000000000000000000000000000000000000000               0      00000000
0010001300205A0000187560314000000000001406 WASLEY WAGNER GONCALVES                           04122024BRL000000000000000000000000026100                    00000000000000000000000                                                    0          
0010001300206B   100004533617654                                                                                               03122024000000000000000000000000000000000000000000000000000000000000000000000000000               0      00000000
0010001300207A0000182600000100000814573234 ALANA GONCALVES SANTOS                            04122024BRL000000000000000000000000013500                    00000000000000000000000                                                    0          
0010001300208B   100017032283675                                                                                               03122024000000000000000000000000000000000000000000000000000000000000000000000000000               0      00000000
0010001300209A0000183410315500000000231750 ANGELICE VITOR DOS SANTOS                         04122024BRL000000000000000000000000013000                    00000000000000000000000                                                    0          
0010001300210B   100083932321634                                                                                               03122024000000000000000000000000000000000000000000000000000000000000000000000000000               0      00000000
0010001300211A0000180010163300000000538752 CLAUDIO ROBERTO DE OLIVEIRA CA                    04122024BRL000000000000000000000000013500                    00000000000000000000000                                                    0          
0010001300212B   100086716891668                                                                                               03122024000000000000000000000000000000000000000000000000000000000000000000000000000               0      00000000
0010001300213A0000180330348800000010134640 CRISTIANO VIEIRA MARTINS PINHE                    04122024BRL000000000000000000000000026100                    00000000000000000000000                                                    0          
0010001300214B   100061438138687                                                                                               03122024000000000000000000000000000000000000000000000000000000000000000000000000000               0      00000000
0010001300215A0000183410306500000000874616 DARCIO DE QUEIROZ SILVA                           04122024BRL000000000000000000000000013500                    00000000000000000000000                                                    0          
0010001300216B   100016427799622                                                                                               03122024000000000000000000000000000000000000000000000000000000000000000000000000000               0      00000000
0010001300217A0000180770000100000006799400 ELIANE EVANGELISTA DE SOUZA                       04122024BRL000000000000000000000000013500                    00000000000000000000000                                                    0          
0010001300218B   100004094290583                                                                                               03122024000000000000000000000000000000000000000000000000000000000000000000000000000               0      00000000
0010001300219A0000180330348800000020257380 GABRIELA FABIANE DO ESPIRITO S                    04122024BRL000000000000000000000000013500                    00000000000000000000000                                                    0          
0010001300220B   100014096901644                                                                                               03122024000000000000000000000000000000000000000000000000000000000000000000000000000               0      00000000
0010001300221A0000180330348800000010486239 JAQUELINE DE ASSIS CASTRO                         04122024BRL000000000000000000000000013500                    00000000000000000000000                                                    0          
0010001300222B   100083941991604                                                                                               03122024000000000000000000000000000000000000000000000000000000000000000000000000000               0      00000000
0010001300223A0000183410696000000000456199 JOSE NICOLAU RIBEIRO                              04122024BRL000000000000000000000000013000                    00000000000000000000000                                                    0          
0010001300224B   100078868750600                                                                                               03122024000000000000000000000000000000000000000000000000000000000000000000000000000               0      00000000
0010001300225A0000180330427500000010042184 JUNIO VIEIRA FEITAL                               04122024BRL000000000000000000000000026100                    00000000000000000000000                                                    0          
0010001300226B   100002707246646                                                                                               03122024000000000000000000000000000000000000000000000000000000000000000000000000000               0      00000000
0010001300227A0000186230000100000161472500 KETLIN RITHEILLY DOS SANTOS SI                    04122024BRL000000000000000000000000013500                    00000000000000000000000                                                    0          
0010001300228B   100012413785680                                                                                               03122024000000000000000000000000000000000000000000000000000000000000000000000000000               0      00000000
0010001300229A0000182370216870000000240974 MARIA BEATRIZ COSTA FERNANDES                     04122024BRL000000000000000000000000013500                    00000000000000000000000                                                    0          
0010001300230B   100097665789668                                                                                               03122024000000000000000000000000000000000000000000000000000000000000000000000000000               0      00000000
0010001300231A0000182600000100000697873801 MAYCK DOS SANTOS SILVA                            04122024BRL000000000000000000000000013500                    00000000000000000000000                                                    0          
0010001300232B   100012957256657                                                                                               03122024000000000000000000000000000000000000000000000000000000000000000000000000000               0      00000000
0010001300233A0000180330348800000010548452 MIRIAM MIRANDA MOTTA ALKMIM                       04122024BRL000000000000000000000000013500                    00000000000000000000000                                                    0          
0010001300234B   100056412908668                                                                                               03122024000000000000000000000000000000000000000000000000000000000000000000000000000               0      00000000
0010001300235A0000180330348800000020177240 PAULO HENRIQUE BITENCOURT DE F                    04122024BRL000000000000000000000000013500                    00000000000000000000000                                                    0          
0010001300236B   100007299968673                                                                                               03122024000000000000000000000000000000000000000000000000000000000000000000000000000               0      00000000
0010001300237A0000182600000100000052984012 SAMUEL VICTOR ANDRADE MACHADO                     04122024BRL000000000000000000000000013500                    00000000000000000000000                                                    0          
0010001300238B   100013684554685                                                                                               03122024000000000000000000000000000000000000000000000000000000000000000000000000000               0      00000000
0010001300239A0000180770000190000138121958 SOFIA DE ANDRADE FEITAL                           04122024BRL000000000000000000000000013500                    00000000000000000000000                                                    0          
0010001300240B   100015566046614                                                                                               03122024000000000000000000000000000000000000000000000000000000000000000000000000000               0      00000000
0010001300241A0000180010163300000000263338 VALERIA MARCILIA DA SILVA                         04122024BRL000000000000000000000000013500                    00000000000000000000000                                                    0          
0010001300242B   100089234006615                                                                                               03122024000000000000000000000000000000000000000000000000000000000000000000000000000               0      00000000
0010001300243A0000187560318280000030506867 ARTHUR VALADAO CAMPOS DE FARIA                    04122024BRL000000000000000000000000013500                    00000000000000000000000                                                    0          
0010001300244B   100005948426629                                                                                               03122024000000000000000000000000000000000000000000000000000000000000000000000000000               0      00000000
0010001300245A0000180330348800000010545741 BEATRIZ DE ASSIS FRANCISCO                        04122024BRL000000000000000000000000013500                    00000000000000000000000                                                    0          
0010001300246B   100084317698668                                                                                               03122024000000000000000000000000000000000000000000000000000000000000000000000000000               0      00000000
0010001300247A0000180770000100000183282787 BERNARDO ALVES COSTA FANTAUZZI                    04122024BRL000000000000000000000000013500                    00000000000000000000000                                                    0          
0010001300248B   100003653012643                                                                                               03122024000000000000000000000000000000000000000000000000000000000000000000000000000               0      00000000
0010001300249A0000180770000100000249288893 CAMILA MARQUES DIAS                               04122024BRL000000000000000000000000013000                    00000000000000000000000                                                    0          
0010001300250B   100009099058608                                                                                               03122024000000000000000000000000000000000000000000000000000000000000000000000000000               0      00000000
0010001300251A0000180330348800000202344632 CESAR AUGUSTO DE SOUZA                            04122024BRL000000000000000000000000013500                    00000000000000000000000                                                    0          
0010001300252B   100012625654805                                                                                               03122024000000000000000000000000000000000000000000000000000000000000000000000000000               0      00000000
0010001300253A0000180330155000000010063977 CRISTIANO MUNIZ CALDEIRA                          04122024BRL000000000000000000000000013572                    00000000000000000000000                                                    0          
0010001300254B   100003905741636                                                                                               03122024000000000000000000000000000000000000000000000000000000000000000000000000000               0      00000000
0010001300255A0000180330338800000010676399 CRISTINA PAULA DE ALCANTARA                       04122024BRL000000000000000000000000013500                    00000000000000000000000                                                    0          
0010001300256B   100007038347624                                                                                               03122024000000000000000000000000000000000000000000000000000000000000000000000000000               0      00000000
0010001300257A0000180770000100000025455613 DALILA ALVES DE LIMA                              04122024BRL000000000000000000000000013500                    00000000000000000000000                                                    0          
0010001300258B   100006049856656                                                                                               03122024000000000000000000000000000000000000000000000000000000000000000000000000000               0      00000000
0010001300259A0000180330348800000020243930 DAYSILENE APARECIDA MENDES REI                    04122024BRL000000000000000000000000013500                    00000000000000000000000                                                    0          
0010001300260B   100004995912673                                                                                               03122024000000000000000000000000000000000000000000000000000000000000000000000000000               0      00000000
0010001300261A0000183410693800000000572747 DEBORA GABRIELA GONCALVES LIMA                    04122024BRL000000000000000000000000013500                    00000000000000000000000                                                    0          
0010001300262B   100011384430695                                                                                               03122024000000000000000000000000000000000000000000000000000000000000000000000000000               0      00000000
0010001300263A0000180330387600000010020874 DEBORA MARIA FERNANDES LOBATO                     04122024BRL000000000000000000000000026100                    00000000000000000000000                                                    0          
0010001300264B   100004304671685                                                                                               03122024000000000000000000000000000000000000000000000000000000000000000000000000000               0      00000000
0010001300265A0000180770000100000084836458 ELDAELLE ANDRE DA SILVA                           04122024BRL000000000000000000000000013500                    00000000000000000000000                                                    0          
0010001300266B   100012454588684                                                                                               03122024000000000000000000000000000000000000000000000000000000000000000000000000000               0      00000000
0010001300267A000018001016330000000078110X ELIANE FRANCISCO DE ASSIS FERN                    04122024BRL000000000000000000000000013500                    00000000000000000000000                                                    0          
0010001300268B   100079327621620                                                                                               03122024000000000000000000000000000000000000000000000000000000000000000000000000000               0      00000000
0010001300269A0000180770000100000340681268 FELIPE DOS SANTOS CRUZ                            04122024BRL000000000000000000000000013500                    00000000000000000000000                                                    0          
0010001300270B   100007120822632                                                                                               03122024000000000000000000000000000000000000000000000000000000000000000000000000000               0      00000000
0010001300271A0000182600000100000273164848 JAQUELINE ROSA FONSECA                            04122024BRL000000000000000000000000013000                    00000000000000000000000                                                    0          
0010001300272B   100012448952612                                                                                               03122024000000000000000000000000000000000000000000000000000000000000000000000000000               0      00000000
0010001300273A0000182600000100000255223966 KATIANY KELLEM MARTINS BRAGA                      04122024BRL000000000000000000000000013000                    00000000000000000000000                                                    0          
0010001300274B   100001878286609                                                                                               03122024000000000000000000000000000000000000000000000000000000000000000000000000000               0      00000000
0010001300275A0000180330348800000010173315 LAURA MARCIA SOARES DE OLIVEIR                    04122024BRL000000000000000000000000013500                    00000000000000000000000                                                    0          
0010001300276B   100085746398691                                                                                               03122024000000000000000000000000000000000000000000000000000000000000000000000000000               0      00000000
0010001300277A0000183800000100000224366076 LUDMILA SANTOS PEREIRA NASCIME                    04122024BRL000000000000000000000000013500                    00000000000000000000000                                                    0          
0010001300278B   100001649184697                                                                                               03122024000000000000000000000000000000000000000000000000000000000000000000000000000               0      00000000
0010001300279A0000182370046690000007862733 MARILIA CASSIA SILVA DE OLIVEI                    04122024BRL000000000000000000000000013500                    00000000000000000000000                                                    0          
0010001300280B   100022105972691                                                                                               03122024000000000000000000000000000000000000000000000000000000000000000000000000000               0      00000000
0010001300281A0000180330423500000010026845 MIREILLE CASSIA LOPES DA SILVA                    04122024BRL000000000000000000000000013500                    00000000000000000000000                                                    0          
0010001300282B   100001374640611                                                                                               03122024000000000000000000000000000000000000000000000000000000000000000000000000000               0      00000000
0010001300283A0000180770000100000181304651 NATALIA CRISTINA FERNANDES VAL                    04122024BRL000000000000000000000000026100                    00000000000000000000000                                                    0          
0010001300284B   100008371683685                                                                                               03122024000000000000000000000000000000000000000000000000000000000000000000000000000               0      00000000
0010001300285A0000180770000100000074799070 PATRICIA DA TRINDADE SANTOS                       04122024BRL000000000000000000000000013500                    00000000000000000000000                                                    0          
0010001300286B   100004933086605                                                                                               03122024000000000000000000000000000000000000000000000000000000000000000000000000000               0      00000000
0010001300287A0000180010277070000000482609 SARA ISABELA MENDES PEREIRA                       04122024BRL000000000000000000000000013500                    00000000000000000000000                                                    0          
0010001300288B   100010797232699                                                                                               03122024000000000000000000000000000000000000000000000000000000000000000000000000000               0      00000000
0010001300289A0000180010211560000000418196 SIMARA DE OLIVEIRA GOMES                          04122024BRL000000000000000000000000013500                    00000000000000000000000                                                    0          
0010001300290B   100006598942624                                                                                               03122024000000000000000000000000000000000000000000000000000000000000000000000000000               0      00000000
0010001300291A0000180330208200000010526352 SIRLEIA ANDRE MINERVINO                           04122024BRL000000000000000000000000013500                    00000000000000000000000                                                    0          
0010001300292B   100091948541653                                                                                               03122024000000000000000000000000000000000000000000000000000000000000000000000000000               0      00000000
0010001300293A0000183410050000000158419341 TATIANA SOARES CAMPOS                             04122024BRL000000000000000000000000013500                    00000000000000000000000                                                    0          
0010001300294B   100006936163696                                                                                               03122024000000000000000000000000000000000000000000000000000000000000000000000000000               0      00000000
0010001300295A0000180330387600000010064915 WELKE LOPES FERRAZ                                04122024BRL000000000000000000000000013500                    00000000000000000000000                                                    0          
0010001300296B   100003483015612                                                                                               03122024000000000000000000000000000000000000000000000000000000000000000000000000000               0      00000000
0010001300297A0000183410693800000000365902 ANA CLARA MOREIRA PASSOS DOS S                    04122024BRL000000000000000000000000013500                    00000000000000000000000                                                    0          
0010001300298B   100002210634636                                                                                               03122024000000000000000000000000000000000000000000000000000000000000000000000000000               0      00000000
0010001300299A0000180330348800000010145956 CILENE APARECIDA CUNHA OLIVEIR                    04122024BRL000000000000000000000000026100                    00000000000000000000000                                                    0          
0010001300300B   100097771333672                                                                                               03122024000000000000000000000000000000000000000000000000000000000000000000000000000               0      00000000
0010001300301A0000180330348800000010158501 EDSON FERREIRA POTENTE                            04122024BRL000000000000000000000000013500                    00000000000000000000000                                                    0          
0010001300302B   100000024770760                                                                                               03122024000000000000000000000000000000000000000000000000000000000000000000000000000               0      00000000
0010001300303A0000180330348800000010194321 ELIANA SOUZA RIBEIRO                              04122024BRL000000000000000000000000013500                    00000000000000000000000                                                    0          
0010001300304B   100003323957660                                                                                               03122024000000000000000000000000000000000000000000000000000000000000000000000000000               0      00000000
0010001300305A0000182600000100000651523002 ELIZA ANGELA RODRIGUES DE OLIV                    04122024BRL000000000000000000000000013500                    00000000000000000000000                                                    0          
0010001300306B   100003790393622                                                                                               03122024000000000000000000000000000000000000000000000000000000000000000000000000000               0      00000000
0010001300307A0000183410789300000000555057 FABIANA FERREIRA DE CARVALHO                      04122024BRL000000000000000000000000013500                    00000000000000000000000                                                    0          
0010001300308B   100007443452608                                                                                               03122024000000000000000000000000000000000000000000000000000000000000000000000000000               0      00000000
0010001300309A0000183410789300000000725791 KENIA CRISTIAN ONIZETE ILDENCI                    04122024BRL000000000000000000000000013500                    00000000000000000000000                                                    0          
0010001300310B   100005792971609                                                                                               03122024000000000000000000000000000000000000000000000000000000000000000000000000000               0      00000000
0010001300311A0000180330348800000010313690 MARIA ELIENE SANTOS                               04122024BRL000000000000000000000000013500                    00000000000000000000000                                                    0          
0010001300312B   100070964718634                                                                                               03122024000000000000000000000000000000000000000000000000000000000000000000000000000               0      00000000
0010001300313A0000180330348800000010776523 MARIA LUCIA DA SILVA                              04122024BRL000000000000000000000000013500                    00000000000000000000000                                                    0          
0010001300314B   100085695360625                                                                                               03122024000000000000000000000000000000000000000000000000000000000000000000000000000               0      00000000
0010001300315A0000183410657200000000868484 MIRLENE CHAVES VENANCIO                           04122024BRL000000000000000000000000013500                    00000000000000000000000                                                    0          
0010001300316B   100000651857651                                                                                               03122024000000000000000000000000000000000000000000000000000000000000000000000000000               0      00000000
0010001300317A0000180330348800000010223661 NEUZELIA CAMARGOS DE MATOS                        04122024BRL000000000000000000000000013500                    00000000000000000000000                                                    0          
0010001300318B   100083923195672                                                                                               03122024000000000000000000000000000000000000000000000000000000000000000000000000000               0      00000000
0010001300319A0000180770000100000104096640 SANDRA APARECIDA DE LIMA                          04122024BRL000000000000000000000000013500                    00000000000000000000000                                                    0          
0010001300320B   100091382343604                                                                                               03122024000000000000000000000000000000000000000000000000000000000000000000000000000               0      00000000
0010001300321A0000180770000100000101795645 THAIS EMANOELA PEREIRA LHERBAC                    04122024BRL000000000000000000000000013500                    00000000000000000000000                                                    0          
0010001300322B   100016519673692                                                                                               03122024000000000000000000000000000000000000000000000000000000000000000000000000000               0      00000000
0010001300323A0000180770000100000114151555 VANIA PEREIRA NETO LHERBACK                       04122024BRL000000000000000000000000013000                    00000000000000000000000                                                    0          
0010001300324B   100004417345619                                                                                               03122024000000000000000000000000000000000000000000000000000000000000000000000000000               0      00000000
0010001300325A0000183410563600000000517442 VERA LUCIA GONCALVES RODRIGUES                    04122024BRL000000000000000000000000013500                    00000000000000000000000                                                    0          
0010001300326B   100096804513649                                                                                               03122024000000000000000000000000000000000000000000000000000000000000000000000000000               0      00000000
0010001300327A0000183410657200000000848247 VILMA DA COSTA ARAUJO DOS SANT                    04122024BRL000000000000000000000000013000                    00000000000000000000000                                                    0          
0010001300328B   100061318442672                                                                                               03122024000000000000000000000000000000000000000000000000000000000000000000000000000               0      00000000
0010001300329A0000180330348800000010212616 VIVIANE CONCEICAO DE ARAUJO SI                    04122024BRL000000000000000000000000013500                    00000000000000000000000                                                    0          
0010001300330B   100098109626653                                                                                               03122024000000000000000000000000000000000000000000000000000000000000000000000000000               0      00000000
0010001300331A0000180330347300000010012524 ANDRE RICARDO BARBOSA DUARTE                      04122024BRL000000000000000000000000013500                    00000000000000000000000                                                    0          
0010001300332B   100003779500680                                                                                               03122024000000000000000000000000000000000000000000000000000000000000000000000000000               0      00000000
0010001300333A0000180330423800000010011594 ANDREIA DE OLIVEIRA SILVA                         04122024BRL000000000000000000000000013500                    00000000000000000000000                                                    0          
0010001300334B   100003657756655                                                                                               03122024000000000000000000000000000000000000000000000000000000000000000000000000000               0      00000000
0010001300335A0000180330348800000010219826 CONCEICAO APARECIDA DE MELO                       04122024BRL000000000000000000000000013500                    00000000000000000000000                                                    0          
0010001300336B   100066052270691                                                                                               03122024000000000000000000000000000000000000000000000000000000000000000000000000000               0      00000000
0010001300337A0000180330348800000010207272 DARCI SABINO FILHO                                04122024BRL000000000000000000000000026100                    00000000000000000000000                                                    0          
0010001300338B   100074276646634                                                                                               03122024000000000000000000000000000000000000000000000000000000000000000000000000000               0      00000000
0010001300339A0000181040242700000000253214 ELIANE MARIA DE MELO SILVA                        04122024BRL000000000000000000000000013500                    00000000000000000000000                                                    0          
0010001300340B   100000366176609                                                                                               03122024000000000000000000000000000000000000000000000000000000000000000000000000000               0      00000000
0010001300341A0000180330347600000010263954 ELISANGELA MARCIA DA CRUZ                         04122024BRL000000000000000000000000013500                    00000000000000000000000                                                    0          
0010001300342B   100093701977615                                                                                               03122024000000000000000000000000000000000000000000000000000000000000000000000000000               0      00000000
0010001300343A0000182600000100000172597233 ISRAEL ALVES DE SOUZA                             04122024BRL000000000000000000000000013500                    00000000000000000000000                                                    0          
0010001300344B   100011803244631                                                                                               03122024000000000000000000000000000000000000000000000000000000000000000000000000000               0      00000000
0010001300345A0000180330423800000010572673 JOCELIO GRANGEIRO VIEIRA                          04122024BRL000000000000000000000000013500                    00000000000000000000000                                                    0          
0010001300346B   100024722259895                                                                                               03122024000000000000000000000000000000000000000000000000000000000000000000000000000               0      00000000
0010001300347A0000180330348800000010263090 MARIA DAS GRACAS MARTA DE OLIV                    04122024BRL000000000000000000000000013000                    00000000000000000000000                                                    0          
0010001300348B   100002663176699                                                                                               03122024000000000000000000000000000000000000000000000000000000000000000000000000000               0      00000000
0010001300349A0000180330348800000010238421 NIZIA MARIA HELENA DOS SANTOS                     04122024BRL000000000000000000000000013500                    00000000000000000000000                                                    0          
0010001300350B   100076804674634                                                                                               03122024000000000000000000000000000000000000000000000000000000000000000000000000000               0      00000000
0010001300351A0000180330348800000010804628 PAULA RICELLE DE OLIVEIRA                         04122024BRL000000000000000000000000013500                    00000000000000000000000                                                    0          
0010001300352B   100005450583680                                                                                               03122024000000000000000000000000000000000000000000000000000000000000000000000000000               0      00000000
0010001300353A0000180330348800000010252344 SIMONE PEREIRA PAIXAO                             04122024BRL000000000000000000000000013500                    00000000000000000000000                                                    0          
0010001300354B   100008147947690                                                                                               03122024000000000000000000000000000000000000000000000000000000000000000000000000000               0      00000000
0010001300355A0000182600000100000839083487 THALIA MARTHA DE OLIVEIRA                         04122024BRL000000000000000000000000013500                    00000000000000000000000                                                    0          
0010001300356B   100007082149670                                                                                               03122024000000000000000000000000000000000000000000000000000000000000000000000000000               0      00000000
0010001300357A0000182600000100000583399167 WALLACE JOSEPH DE OLIVEIRA                        04122024BRL000000000000000000000000013500                    00000000000000000000000                                                    0          
0010001300358B   100007082157690                                                                                               03122024000000000000000000000000000000000000000000000000000000000000000000000000000               0      00000000
00100015         000360000000000002595200000000000000000000000000                                                                                                                                                                               
00199999         000001000362000000                                                                                                                                                                                                             
