00100000         2166944650001200009731870126       01633000000007151070FUNDACAO DE ENSINO DE CONTAGEMBANCO DO BRASIL S/A                     10312202400000000177900000000                                                                     
00100011C9803031 2166944650001200009731870126       01633000000007151070FUNDACAO DE ENSINO DE CONTAGEM                                                                                                                                          
0010001300001A0000181040152900000000025330 IVANETE COSTA PALMEIRA                            04122024BRL000000000000000000000000013500                    00000000000000000000000                                                    0          
0010001300002B   100001526737680                                                                                               03122024000000000000000000000000000000000000000000000000000000000000000000000000000               0      00000000
0010001300003A0000181040152900008221873525 EDIMEIA MARIA DE JESUS                            04122024BRL000000000000000000000000013500                    00000000000000000000000                                                    0          
0010001300004B   100065968000678                                                                                               03122024000000000000000000000000000000000000000000000000000000000000000000000000000               0      00000000
0010001300005A0000181040152900008552695136 LAIS QUATRINI ANDRADE                             04122024BRL000000000000000000000000013500                    00000000000000000000000                                                    0          
0010001300006B   100009520654607                                                                                               03122024000000000000000000000000000000000000000000000000000000000000000000000000000               0      00000000
0010001300007A0000181040152900007687399812 SILVANA INACIA ANDRESA                            04122024BRL000000000000000000000000013500                    00000000000000000000000                                                    0          
0010001300008B   100099653060600                                                                                               03122024000000000000000000000000000000000000000000000000000000000000000000000000000               0      00000000
0010001300009A0000181040242700008676740494 SUELI DE OLIVEIRA BORGES ALVES                    04122024BRL000000000000000000000000013500                    00000000000000000000000                                                    0          
0010001300010B   100090239849604                                                                                               03122024000000000000000000000000000000000000000000000000000000000000000000000000000               0      00000000
0010001300011A0000181040152900007699691262 DIEGO AUGUSTO LOPES MATOS                         04122024BRL000000000000000000000000013500                    00000000000000000000000                                                    0          
0010001300012B   100009031434612                                                                                               03122024000000000000000000000000000000000000000000000000000000000000000000000000000               0      00000000
0010001300013A0000181040152900008262300325 MARIA APARECIDA SANTOS BRANDAO                    04122024BRL000000000000000000000000013000                    00000000000000000000000                                                    0          
0010001300014B   100000068189605                                                                                               03122024000000000000000000000000000000000000000000000000000000000000000000000000000               0      00000000
0010001300015A0000181040338000009430951195 RAQUEL TIRONE SILVERIO MATOS                      04122024BRL000000000000000000000000013500                    00000000000000000000000                                                    0          
0010001300016B   100008324811656                                                                                               03122024000000000000000000000000000000000000000000000000000000000000000000000000000               0      00000000
0010001300017A0000181040152900008568722880 SONIA MARIA DOS SANTOS LOURENC                    04122024BRL000000000000000000000000013500                    00000000000000000000000                                                    0          
0010001300018B   100084214805615                                                                                               03122024000000000000000000000000000000000000000000000000000000000000000000000000000               0      00000000
0010001300019A0000181040152900000000557448 SULAMITA SANTOS BRANDAO                           04122024BRL000000000000000000000000013500                    00000000000000000000000                                                    0          
0010001300020B   100001578544696                                                                                               03122024000000000000000000000000000000000000000000000000000000000000000000000000000               0      00000000
0010001300021A0000181040008300007645792664 ERIKA NATALIA DE SEIXAS                           04122024BRL000000000000000000000000013500                    00000000000000000000000                                                    0          
0010001300022B   100008110667627                                                                                               03122024000000000000000000000000000000000000000000000000000000000000000000000000000               0      00000000
0010001300023A0000181040242700007722628460 MARIA CECILIA FIRMINO PEREIRA                     04122024BRL000000000000000000000000013500                    00000000000000000000000                                                    0          
0010001300024B   100091616972653                                                                                               03122024000000000000000000000000000000000000000000000000000000000000000000000000000               0      00000000
0010001300025A0000181040163900008600520493 NATALIA MIRANDA PALHARES                          04122024BRL000000000000000000000000013500                    00000000000000000000000                                                    0          
0010001300026B   100010604337612                                                                                               03122024000000000000000000000000000000000000000000000000000000000000000000000000000               0      00000000
0010001300027A0000181040089300007652397961 ALINE CRISTINA MARAZZI                            04122024BRL000000000000000000000000013000                    00000000000000000000000                                                    0          
0010001300028B   100003897785676                                                                                               03122024000000000000000000000000000000000000000000000000000000000000000000000000000               0      00000000
0010001300029A0000181040153200007638276176 ELAINE CRISTINE DE ANDRADE                        04122024BRL000000000000000000000000013500                    00000000000000000000000                                                    0          
0010001300030B   100004831694630                                                                                               03122024000000000000000000000000000000000000000000000000000000000000000000000000000               0      00000000
0010001300031A0000182370343550000010039878 ENEIDA PRESOTI FERREIRA                           04122024BRL000000000000000000000000013500                    00000000000000000000000                                                    0          
0010001300032B   100035459336600                                                                                               03122024000000000000000000000000000000000000000000000000000000000000000000000000000               0      00000000
0010001300033A0000181040089300007676941882 MARIA DE LOURDES MENDES DA SIL                    04122024BRL000000000000000000000000013500                    00000000000000000000000                                                    0          
0010001300034B   100032821468687                                                                                               03122024000000000000000000000000000000000000000000000000000000000000000000000000000               0      00000000
0010001300035A0000182370343500000010039916 PATRICIA PRESOTI FERREIRA                         04122024BRL000000000000000000000000013500                    00000000000000000000000                                                    0          
0010001300036B   100010424437694                                                                                               03122024000000000000000000000000000000000000000000000000000000000000000000000000000               0      00000000
0010001300037A0000181040294000008551293980 SIMONE SANTOS CARVALHO TEIXEIR                    04122024BRL000000000000000000000000013500                    00000000000000000000000                                                    0          
0010001300038B   100006756041681                                                                                               03122024000000000000000000000000000000000000000000000000000000000000000000000000000               0      00000000
0010001300039A0000183410309600000000092865 JESSICA PATRICIA SANTOS ROCHA                     04122024BRL000000000000000000000000013500                    00000000000000000000000                                                    0          
0010001300040B   100011546116630                                                                                               03122024000000000000000000000000000000000000000000000000000000000000000000000000000               0      00000000
0010001300041A0000183410139900000000650793 MARA GISELDA DA SILVA FERNANDE                    04122024BRL000000000000000000000000013500                    00000000000000000000000                                                    0          
0010001300042B   100004431376682                                                                                               03122024000000000000000000000000000000000000000000000000000000000000000000000000000               0      00000000
0010001300043A0000181040089300008585791037 RAMON DE SOUZA GOMES                              04122024BRL000000000000000000000000013500                    00000000000000000000000                                                    0          
0010001300044B   100072581085215                                                                                               03122024000000000000000000000000000000000000000000000000000000000000000000000000000               0      00000000
0010001300045A0000181040089300007652424373 SIMONE NUNES DOS SANTOS                           04122024BRL000000000000000000000000013500                    00000000000000000000000                                                    0          
0010001300046B   100084128461687                                                                                               03122024000000000000000000000000000000000000000000000000000000000000000000000000000               0      00000000
0010001300047A0000181040081400007495653788 ANA LUIZA SANTOS FERREIRA                         04122024BRL000000000000000000000000013500                    00000000000000000000000                                                    0          
0010001300048B   100015564119606                                                                                               03122024000000000000000000000000000000000000000000000000000000000000000000000000000               0      00000000
0010001300049A0000183410305900000000237028 CELIA FONSECA BRAGA BORGES                        04122024BRL000000000000000000000000013000                    00000000000000000000000                                                    0          
0010001300050B   100003689572681                                                                                               03122024000000000000000000000000000000000000000000000000000000000000000000000000000               0      00000000
0010001300051A0000181040089300007711911816 GILDA MARIA DOS SANTOS                            04122024BRL000000000000000000000000013500                    00000000000000000000000                                                    0          
0010001300052B   100093673787691                                                                                               03122024000000000000000000000000000000000000000000000000000000000000000000000000000               0      00000000
0010001300053A0000181040294000000000259460 RENATA CRISTINA DA SILVA                          04122024BRL000000000000000000000000013000                    00000000000000000000000                                                    0          
0010001300054B   100003395624633                                                                                               03122024000000000000000000000000000000000000000000000000000000000000000000000000000               0      00000000
0010001300055A0000181040089300000002558988 RUBENS ASSIS BATISTA DE SOUZA                     04122024BRL000000000000000000000000013000                    00000000000000000000000                                                    0          
0010001300056B   100075980428615                                                                                               03122024000000000000000000000000000000000000000000000000000000000000000000000000000               0      00000000
00100015         000058000000000000375500000000000000000000000000                                                                                                                                                                               
00199999         000001000060000000                                                                                                                                                                                                             
