00100000         2166944650001200009731870126       01633000000007151070FUNDACAO DE ENSINO DE CONTAGEMBANCO DO BRASIL S/A                     11608202300000000177900000000                                                                     
00100011C9803031 2166944650001200009731870126       01633000000007151070FUNDACAO DE ENSINO DE CONTAGEM                                                                                                                                          
0010001300001A0000180340567910000010250673 ADRIANA FERRAZ MONTEIRO VERONE                    16082023BRL000000000000000000000000009856                    00000000000000000000000                                                    0          
0010001300002B   100063841118615                                                                                               16082023000000000000000000000000000000000000000000000000000000000000000000000000000               0      00000000
00100015         000004000000000000009856000000000000000000000000                                                                                                                                                                               
00199999         000001000006000000                                                                                                                                                                                                             
