00100000         2166944650001200009731870126       01633000000007151070FUNDACAO DE ENSINO DE CONTAGEMBANCO DO BRASIL S/A                     12805202400000000177900000000                                                                     
00100011C9803031 2166944650001200009731870126       01633000000007151070FUNDACAO DE ENSINO DE CONTAGEM                                                                                                                                          
0010001300001A0000181040089300000000940877 ALINE CRISTINA MARAZZI                            28052024BRL000000000000000000000000013050                    00000000000000000000000                                                    0          
0010001300002B   100003897785676                                                                                               28052024000000000000000000000000000000000000000000000000000000000000000000000000000               0      00000000
0010001300003A0000181040294000000000420580 PAULO CEZAR DA SILVA FERREIRA                     28052024BRL000000000000000000000000013572                    00000000000000000000000                                                    0          
0010001300004B   100010824130626                                                                                               28052024000000000000000000000000000000000000000000000000000000000000000000000000000               0      00000000
0010001300005A0000181040008400000000916439 ARIADNE CRISTINA COELHO                           28052024BRL000000000000000000000000092429                    00000000000000000000000                                                    0          
0010001300006B   100004868614657                                                                                               28052024000000000000000000000000000000000000000000000000000000000000000000000000000               0      00000000
00100015         000008000000000000119051000000000000000000000000                                                                                                                                                                               
00100021C9805031 2166944650001200009731870126       01633000000007151070FUNDACAO DE ENSINO DE CONTAGEM                                                                                                                                          
0010002300001A0000000010281850000000351229 MARCUS PAULO CELESTINO DE OLIV                    28052024BRL000000000000000000000000013572                    00000000000000000000000                                                    0          
0010002300002B   100000824288670                                                                                               28052024000000000000000000000000000000000000000000000000000000000000000000000000000               0      00000000
00100025         000004000000000000013572000000000000000000000000                                                                                                                                                                               
00199999         000002000014000000                                                                                                                                                                                                             
