00100000         2166944650001200009731870126       01633000000007151070FUNDACAO DE ENSINO DE CONTAGEMBANCO DO BRASIL S/A                     12805202400000000177900000000                                                                     
00100011C9803031 2166944650001200009731870126       01633000000007151070FUNDACAO DE ENSINO DE CONTAGEM                                                                                                                                          
0010001300001A0000182600000100000998850555 ANA CRISTINA MARTINS SILVA                        28052024BRL000000000000000000000000013572                    00000000000000000000000                                                    0          
0010001300002B   100015819023609                                                                                               28052024000000000000000000000000000000000000000000000000000000000000000000000000000               0      00000000
0010001300003A0000182370046690000001126407 CRISTINA ESPINDOLA                                28052024BRL000000000000000000000000013572                    00000000000000000000000                                                    0          
0010001300004B   100000502521600                                                                                               28052024000000000000000000000000000000000000000000000000000000000000000000000000000               0      00000000
0010001300005A0000180770000100000214132480 FLAVIO AUGUSTO TAVARES DE OLIV                    28052024BRL000000000000000000000000013572                    00000000000000000000000                                                    0          
0010001300006B   100010924638605                                                                                               28052024000000000000000000000000000000000000000000000000000000000000000000000000000               0      00000000
0010001300007A0000183410744300000000569863 GUILHERME GOIS MARQUES                            28052024BRL000000000000000000000000013572                    00000000000000000000000                                                    0          
0010001300008B   100013909520618                                                                                               28052024000000000000000000000000000000000000000000000000000000000000000000000000000               0      00000000
0010001300009A0000181040148600005840116994 JULIANA MARIA TAVARES                             28052024BRL000000000000000000000000013572                    00000000000000000000000                                                    0          
0010001300010B   100097189448691                                                                                               28052024000000000000000000000000000000000000000000000000000000000000000000000000000               0      00000000
0010001300011A0000182600000100000738682833 MARIANA DOS SANTOS FREITAS                        28052024BRL000000000000000000000000013572                    00000000000000000000000                                                    0          
0010001300012B   100014173481608                                                                                               28052024000000000000000000000000000000000000000000000000000000000000000000000000000               0      00000000
0010001300013A0000182370046500000000251860 VINICIUS FERREIRA VASCONCELOS                     28052024BRL000000000000000000000000013572                    00000000000000000000000                                                    0          
0010001300014B   100014173672616                                                                                               28052024000000000000000000000000000000000000000000000000000000000000000000000000000               0      00000000
0010001300015A0000180330348800000010919904 DIOGENES ALVES DE LIMA                            28052024BRL000000000000000000000000013572                    00000000000000000000000                                                    0          
0010001300016B   100079526497600                                                                                               28052024000000000000000000000000000000000000000000000000000000000000000000000000000               0      00000000
0010001300017A0000180770000100000125847394 INES CRISTINA OLIVEIRA                            28052024BRL000000000000000000000000013572                    00000000000000000000000                                                    0          
0010001300018B   100013158042630                                                                                               28052024000000000000000000000000000000000000000000000000000000000000000000000000000               0      00000000
0010001300019A0000180330387600000010064915 WELKE LOPES FERRAZ                                28052024BRL000000000000000000000000013572                    00000000000000000000000                                                    0          
0010001300020B   100003483015612                                                                                               28052024000000000000000000000000000000000000000000000000000000000000000000000000000               0      00000000
0010001300021A0000180330348800000010689920 DEISIELE ROSANE DE SOUZA SENA                     28052024BRL000000000000000000000000013050                    00000000000000000000000                                                    0          
0010001300022B   100003964874671                                                                                               28052024000000000000000000000000000000000000000000000000000000000000000000000000000               0      00000000
0010001300023A0000183410696000000000456199 JOSE NICOLAU RIBEIRO                              28052024BRL000000000000000000000000013050                    00000000000000000000000                                                    0          
0010001300024B   100078868750600                                                                                               28052024000000000000000000000000000000000000000000000000000000000000000000000000000               0      00000000
0010001300025A0000182600000100000095926942 LUCAS CANDIDO DE OLIVEIRA                         28052024BRL000000000000000000000000013572                    00000000000000000000000                                                    0          
0010001300026B   100006737040683                                                                                               28052024000000000000000000000000000000000000000000000000000000000000000000000000000               0      00000000
0010001300027A0000183360000100000196807360 MATEUS MORAIS VASCONCELOS                         28052024BRL000000000000000000000000013572                    00000000000000000000000                                                    0          
0010001300028B   100007607178694                                                                                               28052024000000000000000000000000000000000000000000000000000000000000000000000000000               0      00000000
0010001300029A0000180330348800000010299196 ROSANGELA TEODORO CARVALHO                        28052024BRL000000000000000000000000013572                    00000000000000000000000                                                    0          
0010001300030B   100029255317687                                                                                               28052024000000000000000000000000000000000000000000000000000000000000000000000000000               0      00000000
0010001300031A0000183360000100000137140614 ARIANY LARA LOPES DE CASTRO                       28052024BRL000000000000000000000000013572                    00000000000000000000000                                                    0          
0010001300032B   100011828011614                                                                                               28052024000000000000000000000000000000000000000000000000000000000000000000000000000               0      00000000
0010001300033A0000183410309600000000045160 DENIZE DA CONCEICAO DE OLIVEIR                    28052024BRL000000000000000000000000013572                    00000000000000000000000                                                    0          
0010001300034B   100084319895649                                                                                               28052024000000000000000000000000000000000000000000000000000000000000000000000000000               0      00000000
0010001300035A0000182600000100000158134286 GABRIELA KETHLEN MORAIS                           28052024BRL000000000000000000000000013572                    00000000000000000000000                                                    0          
0010001300036B   100070170897664                                                                                               28052024000000000000000000000000000000000000000000000000000000000000000000000000000               0      00000000
0010001300037A0000181040163900000000369352 VANILDE PEREIRA DO CARMO                          28052024BRL000000000000000000000000013572                    00000000000000000000000                                                    0          
0010001300038B   100007981748623                                                                                               28052024000000000000000000000000000000000000000000000000000000000000000000000000000               0      00000000
0010001300039A0000182600000100000017903124 IGOR THADEU DOS SANTOS PEREGRI                    28052024BRL000000000000000000000000013572                    00000000000000000000000                                                    0          
0010001300040B   100002113188686                                                                                               28052024000000000000000000000000000000000000000000000000000000000000000000000000000               0      00000000
0010001300041A0000182370752640000003579468 JOAO PEDRO DA SILVA SANTOS                        28052024BRL000000000000000000000000013572                    00000000000000000000000                                                    0          
0010001300042B   100014600100603                                                                                               28052024000000000000000000000000000000000000000000000000000000000000000000000000000               0      00000000
0010001300043A0000183410693800000000540405 NAYARA LUCIA DOMINGOS DA SILVA                    28052024BRL000000000000000000000000013572                    00000000000000000000000                                                    0          
0010001300044B   100012034132629                                                                                               28052024000000000000000000000000000000000000000000000000000000000000000000000000000               0      00000000
0010001300045A0000183800000100000241230381 LARYSSA KARLA CASSIMIRO                           28052024BRL000000000000000000000000013050                    00000000000000000000000                                                    0          
0010001300046B   100010222236663                                                                                               28052024000000000000000000000000000000000000000000000000000000000000000000000000000               0      00000000
0010001300047A0000182600000100000420132149 MERYSSON EDUARDO FERNANDES MON                    28052024BRL000000000000000000000000013572                    00000000000000000000000                                                    0          
0010001300048B   100013568022656                                                                                               28052024000000000000000000000000000000000000000000000000000000000000000000000000000               0      00000000
0010001300049A0000180330348800000010891750 NATHANE SUELLEN FERREIRA ALKIM                    28052024BRL000000000000000000000000026100                    00000000000000000000000                                                    0          
0010001300050B   100009150596659                                                                                               28052024000000000000000000000000000000000000000000000000000000000000000000000000000               0      00000000
0010001300051A0000180330348800000010872234 VIRGINIA LETICIA RIBEIRO FERNA                    28052024BRL000000000000000000000000013572                    00000000000000000000000                                                    0          
0010001300052B   100014091875602                                                                                               28052024000000000000000000000000000000000000000000000000000000000000000000000000000               0      00000000
0010001300053A0000183410307600000000448947 JORGE LUIZ BATISTA REIS                           28052024BRL000000000000000000000000013572                    00000000000000000000000                                                    0          
0010001300054B   100003501683693                                                                                               28052024000000000000000000000000000000000000000000000000000000000000000000000000000               0      00000000
0010001300055A0000180330348800000010889900 TIFANNY LOPES PRADO NASCIMENTO                    28052024BRL000000000000000000000000013572                    00000000000000000000000                                                    0          
0010001300056B   100002233296656                                                                                               28052024000000000000000000000000000000000000000000000000000000000000000000000000000               0      00000000
0010001300057A0000182370185600000000043915 ABIRLENE GOLCALVES DOS SANTOS                     28052024BRL000000000000000000000000184858                    00000000000000000000000                                                    0          
0010001300058B   100003632000611                                                                                               28052024000000000000000000000000000000000000000000000000000000000000000000000000000               0      00000000
0010001300059A0000180330417000000010852600 ADMIR SOARES DE ALMEIDA JUNIOR                    28052024BRL000000000000000000000000235200                    00000000000000000000000                                                    0          
0010001300060B   100083868798668                                                                                               28052024000000000000000000000000000000000000000000000000000000000000000000000000000               0      00000000
0010001300061A0000180330347600000010030871 CARINA PINHEIRO SOARES DE TORR                    28052024BRL000000000000000000000000208230                    00000000000000000000000                                                    0          
0010001300062B   100004183718651                                                                                               28052024000000000000000000000000000000000000000000000000000000000000000000000000000               0      00000000
0010001300063A0000183410650600000000278628 EVANDRO SOUZA NASCIMENTO                          28052024BRL000000000000000000000000138644                    00000000000000000000000                                                    0          
0010001300064B   100003067018630                                                                                               28052024000000000000000000000000000000000000000000000000000000000000000000000000000               0      00000000
0010001300065A0000180330347600000020218500 GLEYBER EUSTAQUIO CALACA SILVA                    28052024BRL000000000000000000000000184858                    00000000000000000000000                                                    0          
0010001300066B   100013729212656                                                                                               28052024000000000000000000000000000000000000000000000000000000000000000000000000000               0      00000000
0010001300067A0000180330423700000010009831 JULIA CALVO                                       28052024BRL000000000000000000000000235200                    00000000000000000000000                                                    0          
0010001300068B   100087497050672                                                                                               28052024000000000000000000000000000000000000000000000000000000000000000000000000000               0      00000000
0010001300069A0000180330423700000010016356 LENISE MARIA RIBEIRO ORTEGA                       28052024BRL000000000000000000000000591583                    00000000000000000000000                                                    0          
0010001300070B   100030443740810                                                                                               28052024000000000000000000000000000000000000000000000000000000000000000000000000000               0      00000000
0010001300071A0000183410563900000000727006 MARCELO DINIZ MONTEIRO DE BARR                    28052024BRL000000000000000000000000235200                    00000000000000000000000                                                    0          
0010001300072B   100003158895609                                                                                               28052024000000000000000000000000000000000000000000000000000000000000000000000000000               0      00000000
0010001300073A0000182370161700000002941074 PAULO HENRIQUE RODRIGUES                          28052024BRL000000000000000000000000092429                    00000000000000000000000                                                    0          
0010001300074B   100007410852674                                                                                               28052024000000000000000000000000000000000000000000000000000000000000000000000000000               0      00000000
0010001300075A0000183410332100000000315750 RODRIGO EUSTAQUIO BORGES                          28052024BRL000000000000000000000000092429                    00000000000000000000000                                                    0          
0010001300076B   100079170846634                                                                                               28052024000000000000000000000000000000000000000000000000000000000000000000000000000               0      00000000
0010001300077A0000180330347600000010058994 ROGERIO PADUA CAVALCANTI                          28052024BRL000000000000000000000000208230                    00000000000000000000000                                                    0          
0010001300078B   100089452682604                                                                                               28052024000000000000000000000000000000000000000000000000000000000000000000000000000               0      00000000
0010001300079A0000183410214200000000003330 SERGIO DE FREITAS OLIVEIRA                        28052024BRL000000000000000000000000588560                    00000000000000000000000                                                    0          
0010001300080B   100004543823672                                                                                               28052024000000000000000000000000000000000000000000000000000000000000000000000000000               0      00000000
0010001300081A0000180770000100000161195709 VITOR FIUZA ROCHA                                 28052024BRL000000000000000000000000162629                    00000000000000000000000                                                    0          
0010001300082B   100013615198603                                                                                               28052024000000000000000000000000000000000000000000000000000000000000000000000000000               0      00000000
00100015         0000840000000000035490280000000000000000000000000                                                                                                                                                                              
00100021C9801031 2166944650001200009731870126       01633000000007151070FUNDACAO DE ENSINO DE CONTAGEM                                                                                                                                          
0010002300001A0000000010003370000000651680 ALESSANDRA CRISTINA DO ESPIRIT                    28052024BRL000000000000000000000000013572                    00000000000000000000000                                                    0          
0010002300002B   100001239683642                                                                                               28052024000000000000000000000000000000000000000000000000000000000000000000000000000               0      00000000
0010002300003A0000000010281850000000574929 MARCELO PEREIRA DE SOUZA                          28052024BRL000000000000000000000000013572                    00000000000000000000000                                                    0          
0010002300004B   100013494565600                                                                                               28052024000000000000000000000000000000000000000000000000000000000000000000000000000               0      00000000
0010002300005A0000000010163300000000250155 MAURICIO PEREIRA DA SILVA                         28052024BRL000000000000000000000000013050                    00000000000000000000000                                                    0          
0010002300006B   100037323130697                                                                                               28052024000000000000000000000000000000000000000000000000000000000000000000000000000               0      00000000
0010002300007A0000000010361020000000693308 FREDERICO ALVES LOPES                             28052024BRL000000000000000000000000184858                    00000000000000000000000                                                    0          
0010002300008B   100008970397698                                                                                               28052024000000000000000000000000000000000000000000000000000000000000000000000000000               0      00000000
0010002300009A0000000010361020000000309990 MARCUS VINICIUS RODRIGUES MART                    28052024BRL000000000000000000000000208800                    00000000000000000000000                                                    0          
0010002300010B   100007992436636                                                                                               28052024000000000000000000000000000000000000000000000000000000000000000000000000000               0      00000000
00100025         000012000000000000433852000000000000000000000000                                                                                                                                                                               
00199999         000002000098000000                                                                                                                                                                                                             
