00100000         2166944650001200009731870126       01633000000009285850FUNDACAO DE ENSINO DE CONTAGEMBANCO DO BRASIL S/A                     10508202400000000177900000000                                                                     
00100011C9803031 2166944650001200009731870126       01633000000009285850FUNDACAO DE ENSINO DE CONTAGEM                                                                                                                                          
0010001300001A0000180770000100000112569013 ADRIANE PASSOS BARRETO                            05082024BRL000000000000000000000000012000                    00000000000000000000000                                                    0          
0010001300002B   100012116245605                                                                                               05082024000000000000000000000000000000000000000000000000000000000000000000000000000               0      00000000
0010001300003A0000180770000100000151280576 AGATA AMANDA MIRANDA GOMES                        05082024BRL000000000000000000000000026400                    00000000000000000000000                                                    0          
0010001300004B   100002255659603                                                                                               05082024000000000000000000000000000000000000000000000000000000000000000000000000000               0      00000000
0010001300005A0000183230000100016748742215 ALBA MARIA DE ALMEIDA CASTRO                      05082024BRL000000000000000000000000026400                    00000000000000000000000                                                    0          
0010001300006B   100018592518709                                                                                               05082024000000000000000000000000000000000000000000000000000000000000000000000000000               0      00000000
0010001300007A0000182600000100000702654116 ALEXSANDRA CASSIA CARDOSO                         05082024BRL000000000000000000000000031200                    00000000000000000000000                                                    0          
0010001300008B   100004129395688                                                                                               05082024000000000000000000000000000000000000000000000000000000000000000000000000000               0      00000000
0010001300009A0000180770000100000067339786 ALINE CAMPOS SILVA                                05082024BRL000000000000000000000000028800                    00000000000000000000000                                                    0          
0010001300010B   100011449994644                                                                                               05082024000000000000000000000000000000000000000000000000000000000000000000000000000               0      00000000
0010001300011A0000183800000100000336139160 AMANDA CAROLINA MIRANDA TEIXEI                    05082024BRL000000000000000000000000028800                    00000000000000000000000                                                    0          
0010001300012B   100013754217607                                                                                               05082024000000000000000000000000000000000000000000000000000000000000000000000000000               0      00000000
0010001300013A0000180260000010000205553895 AMANDA RODRIGUES PRATES                           05082024BRL000000000000000000000000028800                    00000000000000000000000                                                    0          
0010001300014B   100011771742607                                                                                               05082024000000000000000000000000000000000000000000000000000000000000000000000000000               0      00000000
0010001300015A0000180770000190000079588310 ANA LUISA SISLAN DOS SANTOS                       05082024BRL000000000000000000000000028800                    00000000000000000000000                                                    0          
0010001300016B   100016277611607                                                                                               05082024000000000000000000000000000000000000000000000000000000000000000000000000000               0      00000000
0010001300017A0000183800000100000516445448 ANA LUIZA PEREIRA CARVALHO                        05082024BRL000000000000000000000000026400                    00000000000000000000000                                                    0          
0010001300018B   100015923529602                                                                                               05082024000000000000000000000000000000000000000000000000000000000000000000000000000               0      00000000
0010001300019A0000182600000100000036467897 ANA PAULA C NDIDO                                 05082024BRL000000000000000000000000028800                    00000000000000000000000                                                    0          
0010001300020B   100012909706613                                                                                               05082024000000000000000000000000000000000000000000000000000000000000000000000000000               0      00000000
0010001300021A0000180330304000000010890386 ANA PAULA ROCHA DAS NEVES                         05082024BRL000000000000000000000000031200                    00000000000000000000000                                                    0          
0010001300022B   100004269412687                                                                                               05082024000000000000000000000000000000000000000000000000000000000000000000000000000               0      00000000
0010001300023A0000180770000100000253908442 ANA VITORIA COSTA RIBEIRO                         05082024BRL000000000000000000000000026400                    00000000000000000000000                                                    0          
0010001300024B   100019027756600                                                                                               05082024000000000000000000000000000000000000000000000000000000000000000000000000000               0      00000000
0010001300025A0000181040292300007722095675 ARIADINA MARIA DOS SANTOS VIAN                    05082024BRL000000000000000000000000028800                    00000000000000000000000                                                    0          
0010001300026B   100003898221679                                                                                               05082024000000000000000000000000000000000000000000000000000000000000000000000000000               0      00000000
0010001300027A0000180770000100000287770826 BERNARDO MACEDO DA COSTA ARAUJ                    05082024BRL000000000000000000000000026400                    00000000000000000000000                                                    0          
0010001300028B   100011450457665                                                                                               05082024000000000000000000000000000000000000000000000000000000000000000000000000000               0      00000000
0010001300029A0000180770000100000232308322 BIANCA CARLOS DO NASCIMENTO                       05082024BRL000000000000000000000000028800                    00000000000000000000000                                                    0          
0010001300030B   100070083153683                                                                                               05082024000000000000000000000000000000000000000000000000000000000000000000000000000               0      00000000
0010001300031A0000183410789300000000562020 BIANCA CRISTINA SOUZA                             05082024BRL000000000000000000000000014400                    00000000000000000000000                                                    0          
0010001300032B   100010561144605                                                                                               05082024000000000000000000000000000000000000000000000000000000000000000000000000000               0      00000000
0010001300033A0000182600000100000821602573 CAMILA DE JESUS OLIVEIRA DE SO                    05082024BRL000000000000000000000000024000                    00000000000000000000000                                                    0          
0010001300034B   100003450202600                                                                                               05082024000000000000000000000000000000000000000000000000000000000000000000000000000               0      00000000
0010001300035A0000182600000100003513598103 CAROLINE VITORIA DA SILVA MORE                    05082024BRL000000000000000000000000031200                    00000000000000000000000                                                    0          
0010001300036B   100018453161690                                                                                               05082024000000000000000000000000000000000000000000000000000000000000000000000000000               0      00000000
0010001300037A0000183800000100000402838726 CATARINA MENDONCA SANTOS                          05082024BRL000000000000000000000000031200                    00000000000000000000000                                                    0          
0010001300038B   100013598632657                                                                                               05082024000000000000000000000000000000000000000000000000000000000000000000000000000               0      00000000
0010001300039A0000180770000100000062696416 CRISPIM ANTONIO GOMES NETO                        05082024BRL000000000000000000000000028800                    00000000000000000000000                                                    0          
0010001300040B   100015965706600                                                                                               05082024000000000000000000000000000000000000000000000000000000000000000000000000000               0      00000000
0010001300041A0000181040089300000000502531 CYNTIA SILVA PINTO                                05082024BRL000000000000000000000000028800                    00000000000000000000000                                                    0          
0010001300042B   100009327482603                                                                                               05082024000000000000000000000000000000000000000000000000000000000000000000000000000               0      00000000
0010001300043A0000182600000100000146611660 DANIEL EMANUEL DAMARES DIAS CU                    05082024BRL000000000000000000000000026400                    00000000000000000000000                                                    0          
0010001300044B   100070077617630                                                                                               05082024000000000000000000000000000000000000000000000000000000000000000000000000000               0      00000000
0010001300045A0000184130202000000044741251 DANIELA VIANA CHAVES                              05082024BRL000000000000000000000000028800                    00000000000000000000000                                                    0          
0010001300046B   100014278408650                                                                                               05082024000000000000000000000000000000000000000000000000000000000000000000000000000               0      00000000
0010001300047A0000182600000100000465188350 DAYANE ADRIANE DE OLIVEIRA                        05082024BRL000000000000000000000000024000                    00000000000000000000000                                                    0          
0010001300048B   100011465084681                                                                                               05082024000000000000000000000000000000000000000000000000000000000000000000000000000               0      00000000
0010001300049A0000183410139900000000932316 DAYANE MAXIMIANA SILVA MARQUES                    05082024BRL000000000000000000000000026400                    00000000000000000000000                                                    0          
0010001300050B   100006402250635                                                                                               05082024000000000000000000000000000000000000000000000000000000000000000000000000000               0      00000000
0010001300051A0000182600000100000282385773 DEBORA ANGELICA DE OLIVEIRA                       05082024BRL000000000000000000000000028800                    00000000000000000000000                                                    0          
0010001300052B   100013781989640                                                                                               05082024000000000000000000000000000000000000000000000000000000000000000000000000000               0      00000000
0010001300053A0000183800000100000580758290 DEBORAH CRISTINA GLICERIO PINH                    05082024BRL000000000000000000000000019200                    00000000000000000000000                                                    0          
0010001300054B   100016371146645                                                                                               05082024000000000000000000000000000000000000000000000000000000000000000000000000000               0      00000000
0010001300055A0000180260000010000024762685 EDINALRA CRISTINA XAVIER SACRA                    05082024BRL000000000000000000000000028800                    00000000000000000000000                                                    0          
0010001300056B   100009953472637                                                                                               05082024000000000000000000000000000000000000000000000000000000000000000000000000000               0      00000000
0010001300057A0000180330348800000010300203 ELIANE APARECIDA DA SILVA BRAG                    05082024BRL000000000000000000000000028800                    00000000000000000000000                                                    0          
0010001300058B   100094401594649                                                                                               05082024000000000000000000000000000000000000000000000000000000000000000000000000000               0      00000000
0010001300059A0000183410744300000000537423 EMMANUELLY CRISTINA DA SILVA P                    05082024BRL000000000000000000000000026400                    00000000000000000000000                                                    0          
0010001300060B   100016365733631                                                                                               05082024000000000000000000000000000000000000000000000000000000000000000000000000000               0      00000000
0010001300061A0000182600000100000441120304 EREMITA APARECIDA COELHO                          05082024BRL000000000000000000000000031200                    00000000000000000000000                                                    0          
0010001300062B   100003199254632                                                                                               05082024000000000000000000000000000000000000000000000000000000000000000000000000000               0      00000000
0010001300063A0000180330009700000010614736 FABIANA MOREIRA EVARISTO                          05082024BRL000000000000000000000000026400                    00000000000000000000000                                                    0          
0010001300064B   100009373040693                                                                                               05082024000000000000000000000000000000000000000000000000000000000000000000000000000               0      00000000
0010001300065A0000180770000100000206615728 GABRIELLY ALVES SILVA                             05082024BRL000000000000000000000000028800                    00000000000000000000000                                                    0          
0010001300066B   100015806263606                                                                                               05082024000000000000000000000000000000000000000000000000000000000000000000000000000               0      00000000
0010001300067A0000182600000100000351125631 GISLAINE ROSA SOUZA                               05082024BRL000000000000000000000000024000                    00000000000000000000000                                                    0          
0010001300068B   100012185130633                                                                                               05082024000000000000000000000000000000000000000000000000000000000000000000000000000               0      00000000
0010001300069A0000180330423800000010589868 HELLEN CAROLINE FERREIRA SILVA                    05082024BRL000000000000000000000000019200                    00000000000000000000000                                                    0          
0010001300070B   100002241720690                                                                                               05082024000000000000000000000000000000000000000000000000000000000000000000000000000               0      00000000
0010001300071A0000180770000100000163068429 ISABELA APARECIDA DE JESUS BOR                    05082024BRL000000000000000000000000026400                    00000000000000000000000                                                    0          
0010001300072B   100014023874663                                                                                               05082024000000000000000000000000000000000000000000000000000000000000000000000000000               0      00000000
0010001300073A0000180770000100000166541443 ISABELLI EDUARDA SILVA OLIVEIR                    05082024BRL000000000000000000000000016800                    00000000000000000000000                                                    0          
0010001300074B   100015422842600                                                                                               05082024000000000000000000000000000000000000000000000000000000000000000000000000000               0      00000000
0010001300075A0000183230000100029838609122 ISADORA MACEDO ANDRADE                            05082024BRL000000000000000000000000028800                    00000000000000000000000                                                    0          
0010001300076B   100011613941684                                                                                               05082024000000000000000000000000000000000000000000000000000000000000000000000000000               0      00000000
0010001300077A0000180260000010003542221923 ISADORA SOARES SOLDATI                            05082024BRL000000000000000000000000028800                    00000000000000000000000                                                    0          
0010001300078B   100015714097696                                                                                               05082024000000000000000000000000000000000000000000000000000000000000000000000000000               0      00000000
0010001300079A0000180770000100000012286907 ISAQUE MILLARD PEREIRA                            05082024BRL000000000000000000000000021600                    00000000000000000000000                                                    0          
0010001300080B   100008766577659                                                                                               05082024000000000000000000000000000000000000000000000000000000000000000000000000000               0      00000000
0010001300081A0000182600000100000980962849 JAMILA APARECIDA ARAUJO DAS ME                    05082024BRL000000000000000000000000031200                    00000000000000000000000                                                    0          
0010001300082B   100061905531601                                                                                               05082024000000000000000000000000000000000000000000000000000000000000000000000000000               0      00000000
0010001300083A0000183410789300000000595699 JESSICA DE SOUZA FRANCA COIMBR                    05082024BRL000000000000000000000000028800                    00000000000000000000000                                                    0          
0010001300084B   100010769092640                                                                                               05082024000000000000000000000000000000000000000000000000000000000000000000000000000               0      00000000
0010001300085A0000180770000100000035281545 JESSICA GOMES DA SILVA                            05082024BRL000000000000000000000000028800                    00000000000000000000000                                                    0          
0010001300086B   100012427804673                                                                                               05082024000000000000000000000000000000000000000000000000000000000000000000000000000               0      00000000
0010001300087A0000183410777100000000455883 JOAO PAULO SILVA EMILIANO                         05082024BRL000000000000000000000000019200                    00000000000000000000000                                                    0          
0010001300088B   100010920235697                                                                                               05082024000000000000000000000000000000000000000000000000000000000000000000000000000               0      00000000
0010001300089A0000180330387600000001003348 JOYCE ALAIDE BARROS DA ROCHA                      05082024BRL000000000000000000000000028800                    00000000000000000000000                                                    0          
0010001300090B   100006528360626                                                                                               05082024000000000000000000000000000000000000000000000000000000000000000000000000000               0      00000000
0010001300091A0000180770000100000082585385 JULIANA ALVES DE CARVALHO SILV                    05082024BRL000000000000000000000000028800                    00000000000000000000000                                                    0          
0010001300092B   100007279687695                                                                                               05082024000000000000000000000000000000000000000000000000000000000000000000000000000               0      00000000
0010001300093A0000182600000100006047061212 KIMBERLLY VITORIA CAMARGOS DA                     05082024BRL000000000000000000000000009600                    00000000000000000000000                                                    0          
0010001300094B   100017558074657                                                                                               05082024000000000000000000000000000000000000000000000000000000000000000000000000000               0      00000000
0010001300095A0000182600000100000188393004 LAIS KETHLEN MARTINS DIAS                         05082024BRL000000000000000000000000024000                    00000000000000000000000                                                    0          
0010001300096B   100014244337628                                                                                               05082024000000000000000000000000000000000000000000000000000000000000000000000000000               0      00000000
0010001300097A0000180260000010000834660753 LARISSA MAIRA DIAS MARTINS                        05082024BRL000000000000000000000000026400                    00000000000000000000000                                                    0          
0010001300098B   100014244315659                                                                                               05082024000000000000000000000000000000000000000000000000000000000000000000000000000               0      00000000
0010001300099A0000180770000190000354213962 LAURA CLARET ALVES DOS REIS                       05082024BRL000000000000000000000000028800                    00000000000000000000000                                                    0          
0010001300100B   100070213205661                                                                                               05082024000000000000000000000000000000000000000000000000000000000000000000000000000               0      00000000
0010001300101A0000182600000100000864079184 LAURA ESTEVES GUIMARAES                           05082024BRL000000000000000000000000028800                    00000000000000000000000                                                    0          
0010001300102B   100015063962670                                                                                               05082024000000000000000000000000000000000000000000000000000000000000000000000000000               0      00000000
0010001300103A0000182600000100004940508357 LIVIA ROZADO DOS SANTOS                           05082024BRL000000000000000000000000024000                    00000000000000000000000                                                    0          
0010001300104B   100012491445662                                                                                               05082024000000000000000000000000000000000000000000000000000000000000000000000000000               0      00000000
0010001300105A0000180260000010000897943657 LORENA STEPHANIE GONCALVES DA                     05082024BRL000000000000000000000000024000                    00000000000000000000000                                                    0          
0010001300106B   100015701673626                                                                                               05082024000000000000000000000000000000000000000000000000000000000000000000000000000               0      00000000
0010001300107A0000180330417700000010966108 LORRAN JUNIO DE SOUZA                             05082024BRL000000000000000000000000021600                    00000000000000000000000                                                    0          
0010001300108B   100002250925658                                                                                               05082024000000000000000000000000000000000000000000000000000000000000000000000000000               0      00000000
0010001300109A0000182600000100000129272868 LORRANA DE AZEVEDO ARAUJO                         05082024BRL000000000000000000000000019200                    00000000000000000000000                                                    0          
0010001300110B   100012124367684                                                                                               05082024000000000000000000000000000000000000000000000000000000000000000000000000000               0      00000000
0010001300111A0000182600000100004166415530 LOYARAH KAMILLE DE SOUZA                          05082024BRL000000000000000000000000028800                    00000000000000000000000                                                    0          
0010001300112B   100018923504670                                                                                               05082024000000000000000000000000000000000000000000000000000000000000000000000000000               0      00000000
0010001300113A0000180330387600000010659308 LUANA YASMIN SILVA DE MOURA                       05082024BRL000000000000000000000000031200                    00000000000000000000000                                                    0          
0010001300114B   100011815986646                                                                                               05082024000000000000000000000000000000000000000000000000000000000000000000000000000               0      00000000
0010001300115A0000182370221200000003602915 LUARA ALVES RODRIGUES                             05082024BRL000000000000000000000000026400                    00000000000000000000000                                                    0          
0010001300116B   100016284339658                                                                                               05082024000000000000000000000000000000000000000000000000000000000000000000000000000               0      00000000
0010001300117A0000180330348800000020258972 LUZINETE ALVES SILVA FERREIRA                     05082024BRL000000000000000000000000026400                    00000000000000000000000                                                    0          
0010001300118B   100001064721605                                                                                               05082024000000000000000000000000000000000000000000000000000000000000000000000000000               0      00000000
0010001300119A0000182600000100000586062389 MAIRA ELISA OLIVEIRA MARTINS                      05082024BRL000000000000000000000000021600                    00000000000000000000000                                                    0          
0010001300120B   100012687744646                                                                                               05082024000000000000000000000000000000000000000000000000000000000000000000000000000               0      00000000
0010001300121A0000182600000100000214030703 MAISA LETICIA PEREIRA DOS SANT                    05082024BRL000000000000000000000000028800                    00000000000000000000000                                                    0          
0010001300122B   100002002304688                                                                                               05082024000000000000000000000000000000000000000000000000000000000000000000000000000               0      00000000
0010001300123A0000182600000100000619187649 MARCELLA VICTORIA MARTINS DE O                    05082024BRL000000000000000000000000031200                    00000000000000000000000                                                    0          
0010001300124B   100015303566609                                                                                               05082024000000000000000000000000000000000000000000000000000000000000000000000000000               0      00000000
0010001300125A0000180770000100000024409405 MARIA DANIELE ARAUJO CARVALHO                     05082024BRL000000000000000000000000028800                    00000000000000000000000                                                    0          
0010001300126B   100003627467370                                                                                               05082024000000000000000000000000000000000000000000000000000000000000000000000000000               0      00000000
0010001300127A0000180770000190000329044494 MARIA EDUARDA DA SILVA FERREIR                    05082024BRL000000000000000000000000031200                    00000000000000000000000                                                    0          
0010001300128B   100070608960667                                                                                               05082024000000000000000000000000000000000000000000000000000000000000000000000000000               0      00000000
0010001300129A0000182600000100000578573107 MARIA EDUARDA DE FIGUEIREDO                       05082024BRL000000000000000000000000026400                    00000000000000000000000                                                    0          
0010001300130B   100014277283640                                                                                               05082024000000000000000000000000000000000000000000000000000000000000000000000000000               0      00000000
0010001300131A0000180770000100000194488357 MARIA EDUARDA MONTEIRO                            05082024BRL000000000000000000000000028800                    00000000000000000000000                                                    0          
0010001300132B   100013597373674                                                                                               05082024000000000000000000000000000000000000000000000000000000000000000000000000000               0      00000000
0010001300133A0000180260000010000009066329 MARIA THEREZA ASSIS BRAGA                         05082024BRL000000000000000000000000019200                    00000000000000000000000                                                    0          
0010001300134B   100013141914621                                                                                               05082024000000000000000000000000000000000000000000000000000000000000000000000000000               0      00000000
0010001300135A0000183410303900000000301878 MARINA DOS SANTOS MENDES                          05082024BRL000000000000000000000000028800                    00000000000000000000000                                                    0          
0010001300136B   100085915211615                                                                                               05082024000000000000000000000000000000000000000000000000000000000000000000000000000               0      00000000
0010001300137A0000180770000100000249915715 MATHEUS HENRIQUE ADAO DO NASCI                    05082024BRL000000000000000000000000021600                    00000000000000000000000                                                    0          
0010001300138B   100015120308643                                                                                               05082024000000000000000000000000000000000000000000000000000000000000000000000000000               0      00000000
0010001300139A0000182370398000000002090392 MATHEUS LUCAS LEANDRO LUIZ                        05082024BRL000000000000000000000000028800                    00000000000000000000000                                                    0          
0010001300140B   100015999445612                                                                                               05082024000000000000000000000000000000000000000000000000000000000000000000000000000               0      00000000
0010001300141A0000180000000100000939643167 MAYARA ALMEIDA DA SILVA                           05082024BRL000000000000000000000000028800                    00000000000000000000000                                                    0          
0010001300142B   100001784985643                                                                                               05082024000000000000000000000000000000000000000000000000000000000000000000000000000               0      00000000
0010001300143A0000183410317600000000905432 NAYARA LOUIS RODRIGUES DA SILV                    05082024BRL000000000000000000000000028800                    00000000000000000000000                                                    0          
0010001300144B   100011428992685                                                                                               05082024000000000000000000000000000000000000000000000000000000000000000000000000000               0      00000000
0010001300145A0000182600000100000848952964 NICOLAS MIGUEL RODRIGUES DOS S                    05082024BRL000000000000000000000000028800                    00000000000000000000000                                                    0          
0010001300146B   100016897324663                                                                                               05082024000000000000000000000000000000000000000000000000000000000000000000000000000               0      00000000
0010001300147A0000180770000100000163083029 PABLO LUIS DE JESUS DAMASCENO                     05082024BRL000000000000000000000000028800                    00000000000000000000000                                                    0          
0010001300148B   100012556678690                                                                                               05082024000000000000000000000000000000000000000000000000000000000000000000000000000               0      00000000
0010001300149A0000180770000100000088034488 PAULA HELENA NEVES VIEIRA                         05082024BRL000000000000000000000000024000                    00000000000000000000000                                                    0          
0010001300150B   100012638793655                                                                                               05082024000000000000000000000000000000000000000000000000000000000000000000000000000               0      00000000
0010001300151A0000180770000100000177794216 PEDRO MARTINS SILVA                               05082024BRL000000000000000000000000026400                    00000000000000000000000                                                    0          
0010001300152B   100010279663650                                                                                               05082024000000000000000000000000000000000000000000000000000000000000000000000000000               0      00000000
0010001300153A0000182370264000000000661597 PEDRO PASCOAL DE SOUZA CAMPANH                    05082024BRL000000000000000000000000028800                    00000000000000000000000                                                    0          
0010001300154B   100015337003623                                                                                               05082024000000000000000000000000000000000000000000000000000000000000000000000000000               0      00000000
0010001300155A0000180770000100000287338320 RAI JUNIOR DA SILVA MACHADO                       05082024BRL000000000000000000000000021600                    00000000000000000000000                                                    0          
0010001300156B   100015997487628                                                                                               05082024000000000000000000000000000000000000000000000000000000000000000000000000000               0      00000000
0010001300157A0000182370221280000010088658 RANGEL RITIELHY SANTOS DE OLIV                    05082024BRL000000000000000000000000028800                    00000000000000000000000                                                    0          
0010001300158B   100011082853682                                                                                               05082024000000000000000000000000000000000000000000000000000000000000000000000000000               0      00000000
0010001300159A0000182600000100000701246355 RAYANE FREITAS DIAS                               05082024BRL000000000000000000000000028800                    00000000000000000000000                                                    0          
0010001300160B   100070373818610                                                                                               05082024000000000000000000000000000000000000000000000000000000000000000000000000000               0      00000000
0010001300161A0000183410050000000223867644 ROSANA F TIMA ARAUJO                              05082024BRL000000000000000000000000028800                    00000000000000000000000                                                    0          
0010001300162B   100009799430607                                                                                               05082024000000000000000000000000000000000000000000000000000000000000000000000000000               0      00000000
0010001300163A0000180330348800000202857807 RUTE ALVES CIPRIANO BARBOSA                       05082024BRL000000000000000000000000024000                    00000000000000000000000                                                    0          
0010001300164B   100003473145629                                                                                               05082024000000000000000000000000000000000000000000000000000000000000000000000000000               0      00000000
0010001300165A0000183800000100001050651545 SABRINA MOTA CRISTIANO                            05082024BRL000000000000000000000000028800                    00000000000000000000000                                                    0          
0010001300166B   100013568592673                                                                                               05082024000000000000000000000000000000000000000000000000000000000000000000000000000               0      00000000
0010001300167A0000183180008900000063878913 SANDRO WILLIAM PEDROSA                            05082024BRL000000000000000000000000028800                    00000000000000000000000                                                    0          
0010001300168B   100004416434693                                                                                               05082024000000000000000000000000000000000000000000000000000000000000000000000000000               0      00000000
0010001300169A0000180770000100000206616104 SARA HELEN RODRIGUES GONCALVES                    05082024BRL000000000000000000000000019200                    00000000000000000000000                                                    0          
0010001300170B   100018912402692                                                                                               05082024000000000000000000000000000000000000000000000000000000000000000000000000000               0      00000000
0010001300171A0000183360000100000119857103 SERGIMARA DE FATIMA MUNIZ                         05082024BRL000000000000000000000000021600                    00000000000000000000000                                                    0          
0010001300172B   100007532364607                                                                                               05082024000000000000000000000000000000000000000000000000000000000000000000000000000               0      00000000
0010001300173A0000180770000100000075513706 SIMONE AMARAL FONTOURA COSTA                      05082024BRL000000000000000000000000026400                    00000000000000000000000                                                    0          
0010001300174B   100003461099651                                                                                               05082024000000000000000000000000000000000000000000000000000000000000000000000000000               0      00000000
0010001300175A0000180770000100000251043746 SOFIA SILVA BRAGA                                 05082024BRL000000000000000000000000028800                    00000000000000000000000                                                    0          
0010001300176B   100015590820626                                                                                               05082024000000000000000000000000000000000000000000000000000000000000000000000000000               0      00000000
0010001300177A0000180770000100000096874244 STEFANE TAMARA RIBEIRO BOSCO                      05082024BRL000000000000000000000000026400                    00000000000000000000000                                                    0          
0010001300178B   100011920892605                                                                                               05082024000000000000000000000000000000000000000000000000000000000000000000000000000               0      00000000
0010001300179A0000183800000100000374398704 SUELLEN FERREIRA DA SILVA                         05082024BRL000000000000000000000000028800                    00000000000000000000000                                                    0          
0010001300180B   100005503986512                                                                                               05082024000000000000000000000000000000000000000000000000000000000000000000000000000               0      00000000
0010001300181A0000180330298000000030140454 SUELLEN SUED TANNUS MAIA                          05082024BRL000000000000000000000000028800                    00000000000000000000000                                                    0          
0010001300182B   100010217154689                                                                                               05082024000000000000000000000000000000000000000000000000000000000000000000000000000               0      00000000
0010001300183A0000182600000100000035094776 THALLYTA VITORIA GONCALVES COU                    05082024BRL000000000000000000000000021600                    00000000000000000000000                                                    0          
0010001300184B   100070041266684                                                                                               05082024000000000000000000000000000000000000000000000000000000000000000000000000000               0      00000000
0010001300185A0000183410139900000000983145 WALQUIRIA LOPES DE OLIVEIRA                       05082024BRL000000000000000000000000021600                    00000000000000000000000                                                    0          
0010001300186B   100010747649782                                                                                               05082024000000000000000000000000000000000000000000000000000000000000000000000000000               0      00000000
00100015         000188000000000002443200000000000000000000000000                                                                                                                                                                               
00100021C9801031 2166944650001200009731870126       01633000000009285850FUNDACAO DE ENSINO DE CONTAGEM                                                                                                                                          
0010002300001A0000000010438340000001055658 ALEXSANDRA DA CONCEICAO DA SIL                    05082024BRL000000000000000000000000028800                    00000000000000000000000                                                    0          
0010002300002B   100004698756669                                                                                               05082024000000000000000000000000000000000000000000000000000000000000000000000000000               0      00000000
0010002300003A0000000010163300000000430757 ARACIREMA RODRIGUES LUCIO                         05082024BRL000000000000000000000000031200                    00000000000000000000000                                                    0          
0010002300004B   100003007314690                                                                                               05082024000000000000000000000000000000000000000000000000000000000000000000000000000               0      00000000
0010002300005A0000000010163060000000528293 DEYZE DA SILVA                                    05082024BRL000000000000000000000000028800                    00000000000000000000000                                                    0          
0010002300006B   100009557436646                                                                                               05082024000000000000000000000000000000000000000000000000000000000000000000000000000               0      00000000
0010002300007A0000000010163140000000401625 ELIEUZA VIEIRA MARQUES                            05082024BRL000000000000000000000000026400                    00000000000000000000000                                                    0          
0010002300008B   100003382995646                                                                                               05082024000000000000000000000000000000000000000000000000000000000000000000000000000               0      00000000
0010002300009A0000000010163300000000620998 MATHEUS FERNANDES FERRAZ SOARE                    05082024BRL000000000000000000000000026400                    00000000000000000000000                                                    0          
0010002300010B   100007573525613                                                                                               05082024000000000000000000000000000000000000000000000000000000000000000000000000000               0      00000000
0010002300011A0000000010281850000000207608 ROSILENE RODRIGUES DA COSTA                       05082024BRL000000000000000000000000021600                    00000000000000000000000                                                    0          
0010002300012B   100065380541615                                                                                               05082024000000000000000000000000000000000000000000000000000000000000000000000000000               0      00000000
00100025         000014000000000000163200000000000000000000000000                                                                                                                                                                               
00199999         000002000204000000                                                                                                                                                                                                             
