00100000         2166944650001200009731870126       01633000000007151070FUNDACAO DE ENSINO DE CONTAGEMBANCO DO BRASIL S/A                     12501202400000000177900000000                                                                     
00100011C9803031 2166944650001200009731870126       01633000000007151070FUNDACAO DE ENSINO DE CONTAGEM                                                                                                                                          
0010001300001A0000180330348800000010548672 GLEICYMARA DE CASTRO REZENDE                      26012024BRL000000000000000000000000013572                    00000000000000000000000                                                    0          
0010001300002B   100011497179637                                                                                               25012024000000000000000000000000000000000000000000000000000000000000000000000000000               0      00000000
0010001300003A000018033034880000020112313 JULIA MARIA DE CASTRO REZENDE                     26012024BRL000000000000000000000000013572                    00000000000000000000000                                                    0          
0010001300004B   100001834640601                                                                                               25012024000000000000000000000000000000000000000000000000000000000000000000000000000               0      00000000
0010001300005A000018341056360000000727306 KARINE JESSICA SANTANA                            26012024BRL000000000000000000000000026100                    00000000000000000000000                                                    0          
0010001300006B   100013481361629                                                                                               25012024000000000000000000000000000000000000000000000000000000000000000000000000000               0      00000000
0010001300007A000018260000010000783639879 KATIA NUNES DIAS                                  26012024BRL000000000000000000000000013572                    00000000000000000000000                                                    0          
0010001300008B   100014500339620                                                                                               25012024000000000000000000000000000000000000000000000000000000000000000000000000000               0      00000000
0010001300009A000018237071600000005568110 ILANA BEATRIZ MARQUES DIAS                        26012024BRL000000000000000000000000013572                    00000000000000000000000                                                    0          
0010001300010B   100013017153606                                                                                               25012024000000000000000000000000000000000000000000000000000000000000000000000000000               0      00000000
0010001300011A000018033034880000010697154 RAFAELA LUIZA SILVA DIAS                          26012024BRL000000000000000000000000013572                    00000000000000000000000                                                    0          
0010001300012B   100010554263610                                                                                               25012024000000000000000000000000000000000000000000000000000000000000000000000000000               0      00000000
0010001300013A000018033042760000010485489 JOANA GABRIELA SILVA                              26012024BRL000000000000000000000000013572                    00000000000000000000000                                                    0          
0010001300014B   100013931254682                                                                                               25012024000000000000000000000000000000000000000000000000000000000000000000000000000               0      00000000
0010001300015A000018260000010000430777826 RENATO JOAQUIM SANTANA                            26012024BRL000000000000000000000000013000                    00000000000000000000000                                                    0          
0010001300016B   100079314198634                                                                                               25012024000000000000000000000000000000000000000000000000000000000000000000000000000               0      00000000
0010001300017A000018033034880000010297462 SANDRA HELENA DE SOUZA SANTANA                    26012024BRL000000000000000000000000013572                    00000000000000000000000                                                    0          
0010001300018B   100003523818680                                                                                               25012024000000000000000000000000000000000000000000000000000000000000000000000000000               0      00000000
0010001300019A000018077000010000054297133 SARAH TAMYRES COSTA DOS SANTOS                    26012024BRL000000000000000000000000013572                    00000000000000000000000                                                    0          
0010001300020B   100011804087645                                                                                               25012024000000000000000000000000000000000000000000000000000000000000000000000000000               0      00000000
0010001300021A000018077000010000081029071 ANDRESSA BRETAS DO VALE                           26012024BRL000000000000000000000000013572                    00000000000000000000000                                                    0          
0010001300022B   100007823813670                                                                                               25012024000000000000000000000000000000000000000000000000000000000000000000000000000               0      00000000
0010001300023A000018260000010000558070457 BARBARA DE SOUZA MACEDO                           26012024BRL000000000000000000000000013572                    00000000000000000000000                                                    0          
0010001300024B   100015808614660                                                                                               25012024000000000000000000000000000000000000000000000000000000000000000000000000000               0      00000000
0010001300025A000018033038760000010035036 DENER ELDER PEDROSA                               26012024BRL000000000000000000000000013572                    00000000000000000000000                                                    0          
0010001300026B   100082698457600                                                                                               25012024000000000000000000000000000000000000000000000000000000000000000000000000000               0      00000000
0010001300027A000018033030490000010120426 EDIRLENE DE CASSIA SOARES QUIN                    26012024BRL000000000000000000000000013572                    00000000000000000000000                                                    0          
0010001300028B   100077921631649                                                                                               25012024000000000000000000000000000000000000000000000000000000000000000000000000000               0      00000000
0010001300029A000018077000010000135942098 GISELE DE QUEIROZ LANNA                           26012024BRL000000000000000000000000013572                    00000000000000000000000                                                    0          
0010001300030B   100014092404603                                                                                               25012024000000000000000000000000000000000000000000000000000000000000000000000000000               0      00000000
0010001300031A000018237027600000000275662 JONATHAN DA SILVA NERES                           26012024BRL000000000000000000000000026100                    00000000000000000000000                                                    0          
0010001300032B   100008448054679                                                                                               25012024000000000000000000000000000000000000000000000000000000000000000000000000000               0      00000000
0010001300033A000018341005870000000470006 KENER NASSARA PEDROSA                             26012024BRL000000000000000000000000013572                    00000000000000000000000                                                    0          
0010001300034B   100085515582691                                                                                               25012024000000000000000000000000000000000000000000000000000000000000000000000000000               0      00000000
0010001300035A000018077000010000155345834 MARCELA APARECIDA AMARAL CAMAR                    26012024BRL000000000000000000000000013572                    00000000000000000000000                                                    0          
0010001300036B   100014408192627                                                                                               25012024000000000000000000000000000000000000000000000000000000000000000000000000000               0      00000000
0010001300037A000018260000010000056553671 MARCILIO JUNIO DA SILVA SANTOS                    26012024BRL000000000000000000000000013572                    00000000000000000000000                                                    0          
0010001300038B   100009790753608                                                                                               25012024000000000000000000000000000000000000000000000000000000000000000000000000000               0      00000000
0010001300039A000018260000010000420132149 MERYSSON EDUARDO FERNANDES MON                    26012024BRL000000000000000000000000013000                    00000000000000000000000                                                    0          
0010001300040B   100013568022656                                                                                               25012024000000000000000000000000000000000000000000000000000000000000000000000000000               0      00000000
0010001300041A000018033034880000010891750 NATHANE SUELLEN FERREIRA ALKIM                    26012024BRL000000000000000000000000013000                    00000000000000000000000                                                    0          
0010001300042B   100009150596659                                                                                               25012024000000000000000000000000000000000000000000000000000000000000000000000000000               0      00000000
0010001300043A0000182370046420000000379026 NAYARA ESHILEY ALVARENGA DE AL                    26012024BRL000000000000000000000000013572                    00000000000000000000000                                                    0          
0010001300044B   100013494733678                                                                                               25012024000000000000000000000000000000000000000000000000000000000000000000000000000               0      00000000
0010001300045A000018033029680000030054135 PRICILA DAS GRACAS SILVA                          26012024BRL000000000000000000000000013000                    00000000000000000000000                                                    0          
0010001300046B   100008453889678                                                                                               25012024000000000000000000000000000000000000000000000000000000000000000000000000000               0      00000000
0010001300047A0000182370343200000002608332 TANIA DE SOUZA CARVALHO                           26012024BRL000000000000000000000000013572                    00000000000000000000000                                                    0          
0010001300048B   100062783904691                                                                                               25012024000000000000000000000000000000000000000000000000000000000000000000000000000               0      00000000
0010001300049A000018260000010000541499711 TATIANA CRISTINA SETA                             26012024BRL000000000000000000000000013572                    00000000000000000000000                                                    0          
0010001300050B   100004416941609                                                                                               25012024000000000000000000000000000000000000000000000000000000000000000000000000000               0      00000000
0010001300051A000018033034880000010200110 WALDETHE MARIA DAS DORES PEREI                    26012024BRL000000000000000000000000026100                    00000000000000000000000                                                    0          
0010001300052B   100075256762672                                                                                               25012024000000000000000000000000000000000000000000000000000000000000000000000000000               0      00000000
0010001300053A000018237012180000000081868 ADER JUNIO REIS MARTA                             26012024BRL000000000000000000000000013572                    00000000000000000000000                                                    0          
0010001300054B   100008452798660                                                                                               25012024000000000000000000000000000000000000000000000000000000000000000000000000000               0      00000000
0010001300055A000018077000010000321765974 EDUARDA CARVALHO DE SOUZA                         26012024BRL000000000000000000000000013572                    00000000000000000000000                                                    0          
0010001300056B   100002015130640                                                                                               25012024000000000000000000000000000000000000000000000000000000000000000000000000000               0      00000000
0010001300057A0000180330348800000010241454 GILBERTO DA SILVA SOARES                          26012024BRL000000000000000000000000013572                    00000000000000000000000                                                    0          
0010001300058B   100066067561620                                                                                               25012024000000000000000000000000000000000000000000000000000000000000000000000000000               0      00000000
0010001300059A000018341074430000000494096 JOAO BATISTA PIRIS DA LUZ                         26012024BRL000000000000000000000000001305                    00000000000000000000000                                                    0          
0010001300060B   100076215610682                                                                                               25012024000000000000000000000000000000000000000000000000000000000000000000000000000               0      00000000
0010001300061A000018341069380000000540967 LORENA VITORIA DOS SANTOS                         26012024BRL000000000000000000000000013572                    00000000000000000000000                                                    0          
0010001300062B   100017758172610                                                                                               25012024000000000000000000000000000000000000000000000000000000000000000000000000000               0      00000000
0010001300063A000018077000010000068195982 MARCIA MARIA DE JESUS                             26012024BRL000000000000000000000000013572                    00000000000000000000000                                                    0          
0010001300064B   100003602626601                                                                                               25012024000000000000000000000000000000000000000000000000000000000000000000000000000               0      00000000
0010001300065A0000180330348800000010251752 MARIA DA GLORIA DOS REIS TEIXE                    26012024BRL000000000000000000000000013572                    00000000000000000000000                                                    0          
0010001300066B   100078497752600                                                                                               25012024000000000000000000000000000000000000000000000000000000000000000000000000000               0      00000000
0010001300067A000018341013990000000810694 AMANDA LUIZA ALVES FIGUEIREDO                     26012024BRL000000000000000000000000013572                    00000000000000000000000                                                    0          
0010001300068B   100011983790656                                                                                               25012024000000000000000000000000000000000000000000000000000000000000000000000000000               0      00000000
0010001300069A0000180330348800000010104791 ANA MARIA DINIZ SANTOS                            26012024BRL000000000000000000000000013572                    00000000000000000000000                                                    0          
0010001300070B   100024800341604                                                                                               25012024000000000000000000000000000000000000000000000000000000000000000000000000000               0      00000000
0010001300071A000018380000010000039680576 DANILO PARREIRA DA CRUZ                           26012024BRL000000000000000000000000013572                    00000000000000000000000                                                    0          
0010001300072B   100008814876606                                                                                               25012024000000000000000000000000000000000000000000000000000000000000000000000000000               0      00000000
0010001300073A000018260000010000530980477 FABRICIO DE MELO SILVA                            26012024BRL000000000000000000000000013572                    00000000000000000000000                                                    0          
0010001300074B   100099676095672                                                                                               25012024000000000000000000000000000000000000000000000000000000000000000000000000000               0      00000000
0010001300075A000018237034350000000416096 FLAVIO GARCIA JUNIOR                              26012024BRL000000000000000000000000013572                    00000000000000000000000                                                    0          
0010001300076B   100001870958683                                                                                               25012024000000000000000000000000000000000000000000000000000000000000000000000000000               0      00000000
0010001300077A000018341005870000000324369 GABRIELA PEREIRA GONCALVES                        26012024BRL000000000000000000000000013572                    00000000000000000000000                                                    0          
0010001300078B   100010462320618                                                                                               25012024000000000000000000000000000000000000000000000000000000000000000000000000000               0      00000000
0010001300079A0000181040008170005962525546 HAROLDO LUIZ  MENDES DA SILVA                     26012024BRL000000000000000000000000013572                    00000000000000000000000                                                    0          
0010001300080B   100047808470600                                                                                               25012024000000000000000000000000000000000000000000000000000000000000000000000000000               0      00000000
0010001300081A000018260000010000047122385 KELY FERNANDES CAIXETA                            26012024BRL000000000000000000000000013572                    00000000000000000000000                                                    0          
0010001300082B   100003687046613                                                                                               25012024000000000000000000000000000000000000000000000000000000000000000000000000000               0      00000000
0010001300083A000018260000010000128348910 LUDMYLLA SANT ANA OLIVEIRA                        26012024BRL000000000000000000000000013572                    00000000000000000000000                                                    0          
0010001300084B   100002123617679                                                                                               25012024000000000000000000000000000000000000000000000000000000000000000000000000000               0      00000000
0010001300085A000018341030390000000356955 LUIZ ROBERTO DE OLIVEIRA                          26012024BRL000000000000000000000000013572                    00000000000000000000000                                                    0          
0010001300086B   100005099958613                                                                                               25012024000000000000000000000000000000000000000000000000000000000000000000000000000               0      00000000
0010001300087A000018389001640000010223570 MARIA DA CONSOLACAO CAIXETA SA                    26012024BRL000000000000000000000000001305                    00000000000000000000000                                                    0          
0010001300088B   100000241144647                                                                                               25012024000000000000000000000000000000000000000000000000000000000000000000000000000               0      00000000
0010001300089A000018260000010000145115686 RAINE CHRISTINA LOPES EMERICH                     26012024BRL000000000000000000000000013572                    00000000000000000000000                                                    0          
0010001300090B   100007529913611                                                                                               25012024000000000000000000000000000000000000000000000000000000000000000000000000000               0      00000000
0010001300091A0000180330348800000010737140 RENATA CRISTINA CAIXETA SANTOS                    26012024BRL000000000000000000000000026100                    00000000000000000000000                                                    0          
0010001300092B   100004464066607                                                                                               25012024000000000000000000000000000000000000000000000000000000000000000000000000000               0      00000000
0010001300093A000018341031010000000417131 VAGNER GOMES DA SILVA                             26012024BRL000000000000000000000000013572                    00000000000000000000000                                                    0          
0010001300094B   100001493123696                                                                                               25012024000000000000000000000000000000000000000000000000000000000000000000000000000               0      00000000
0010001300095A000018341044500000000093234 VANESSA CRISTINA GONCALVES                        26012024BRL000000000000000000000000013572                    00000000000000000000000                                                    0          
0010001300096B   100005172891641                                                                                               25012024000000000000000000000000000000000000000000000000000000000000000000000000000               0      00000000
0010001300097A000018033034880000010123217 VIVIANE MARCIA DE OLIVEIRA                        26012024BRL000000000000000000000000026100                    00000000000000000000000                                                    0          
0010001300098B   100002793227633                                                                                               25012024000000000000000000000000000000000000000000000000000000000000000000000000000               0      00000000
0010001300099A0000180330348800000010219826 CONCEICAO APARECIDA DE MELO                       26012024BRL000000000000000000000000013572                    00000000000000000000000                                                    0          
0010001300100B   100066052270691                                                                                               25012024000000000000000000000000000000000000000000000000000000000000000000000000000               0      00000000
0010001300101A0000180330348800000010207272 DARCI SABINO FILHO                                26012024BRL000000000000000000000000026100                    00000000000000000000000                                                    0          
0010001300102B   100074276646634                                                                                               25012024000000000000000000000000000000000000000000000000000000000000000000000000000               0      00000000
0010001300103A0000180330347600000010263954 ELISANGELA MARCIA DA CRUZ                         26012024BRL000000000000000000000000013572                    00000000000000000000000                                                    0          
0010001300104B   100093701977615                                                                                               25012024000000000000000000000000000000000000000000000000000000000000000000000000000               0      00000000
0010001300105A000018260000010000172597233 ISRAEL ALVES DE SOUZA                             26012024BRL000000000000000000000000013572                    00000000000000000000000                                                    0          
0010001300106B   100011803244631                                                                                               25012024000000000000000000000000000000000000000000000000000000000000000000000000000               0      00000000
0010001300107A0000180330423600000010057615 MARCELO DOS SANTOS PORTO                          26012024BRL000000000000000000000000013572                    00000000000000000000000                                                    0          
0010001300108B   100095642781634                                                                                               25012024000000000000000000000000000000000000000000000000000000000000000000000000000               0      00000000
0010001300109A0000180330348800000010263090 MARIA DAS GRACAS MARTA DE OLIV                    26012024BRL000000000000000000000000001305                    00000000000000000000000                                                    0          
0010001300110B   100002663176699                                                                                               25012024000000000000000000000000000000000000000000000000000000000000000000000000000               0      00000000
0010001300111A0000181040152960000000013606 MARIA TEREZA DE JESUS FONSECA                     26012024BRL000000000000000000000000013572                    00000000000000000000000                                                    0          
0010001300112B   100063423561653                                                                                               25012024000000000000000000000000000000000000000000000000000000000000000000000000000               0      00000000
0010001300113A0000180330348800000010238421 NIZIA MARIA HELENA DOS SANTOS                     26012024BRL000000000000000000000000013572                    00000000000000000000000                                                    0          
0010001300114B   100076804674634                                                                                               25012024000000000000000000000000000000000000000000000000000000000000000000000000000               0      00000000
0010001300115A0000180330348800000010238414 ROSILENE ALVES DE SOUZA                           26012024BRL000000000000000000000000013572                    00000000000000000000000                                                    0          
0010001300116B   100095583602600                                                                                               25012024000000000000000000000000000000000000000000000000000000000000000000000000000               0      00000000
0010001300117A0000180330348800000010252344 SIMONE PEREIRA PAIXAO                             26012024BRL000000000000000000000000013572                    00000000000000000000000                                                    0          
0010001300118B   100008147947690                                                                                               25012024000000000000000000000000000000000000000000000000000000000000000000000000000               0      00000000
0010001300119A000018260000010000839083487 THALIA MARTHA DE OLIVEIRA                         26012024BRL000000000000000000000000013572                    00000000000000000000000                                                    0          
0010001300120B   100007082149670                                                                                               25012024000000000000000000000000000000000000000000000000000000000000000000000000000               0      00000000
0010001300121A000018260000010000665991292 VALDIRENE APARECIDA DE JESUS M                    26012024BRL000000000000000000000000013572                    00000000000000000000000                                                    0          
0010001300122B   100008701852680                                                                                               25012024000000000000000000000000000000000000000000000000000000000000000000000000000               0      00000000
0010001300123A000018380000010000281272808 WALLACE JOSEPH DE OLIVEIRA                        26012024BRL000000000000000000000000013572                    00000000000000000000000                                                    0          
0010001300124B   100007082157690                                                                                               25012024000000000000000000000000000000000000000000000000000000000000000000000000000               0      00000000
0010001300125A000018341013820000000702239 SILVIA SIBERIA SOUZA GOMES                        26012024BRL000000000000000000000000001305                    00000000000000000000000                                                    0          
0010001300126B   100009731319697                                                                                               25012024000000000000000000000000000000000000000000000000000000000000000000000000000               0      00000000
0010001300127A000018341056360000000733643 DENISE APARECIDA VIEIRA GONCAL                    26012024BRL000000000000000000000000001305                    00000000000000000000000                                                    0          
0010001300128B   100004251071670                                                                                               25012024000000000000000000000000000000000000000000000000000000000000000000000000000               0      00000000
0010001300129A000018033034880000010868152 SANAKELLY DE CASTRO REZENDE FI                    26012024BRL000000000000000000000000001305                    00000000000000000000000                                                    0          
0010001300130B   100010946266603                                                                                               25012024000000000000000000000000000000000000000000000000000000000000000000000000000               0      00000000
0010001300131A000018033034880000010291772 SELMA HELENA SILVA                                26012024BRL000000000000000000000000001305                    00000000000000000000000                                                    0          
0010001300132B   100069613672672                                                                                               25012024000000000000000000000000000000000000000000000000000000000000000000000000000               0      00000000
0010001300133A000018033034880000010207492 CLAUDIO TORRES DA SILVA                           26012024BRL000000000000000000000000001305                    00000000000000000000000                                                    0          
0010001300134B   100087601710653                                                                                               25012024000000000000000000000000000000000000000000000000000000000000000000000000000               0      00000000
00100015         000136000000000000978028000000000000000000000000                                                                                                                                                                               
00100021C9801031 2166944650001200009731870126       01633000000007151070FUNDACAO DE ENSINO DE CONTAGEM                                                                                                                                          
0010002300001A0000000010163300000000538752 CLAUDIO ROBERTO DE OLIVEIRA CA                    26012024BRL000000000000000000000000013572                    00000000000000000000000                                                    0          
0010002300002B   100086716891668                                                                                               25012024000000000000000000000000000000000000000000000000000000000000000000000000000               0      00000000
0010002300003A0000000010567900000005888964 KARINE GONCALVES SANTANA                          26012024BRL000000000000000000000000013572                    00000000000000000000000                                                    0          
0010002300004B   100014073615629                                                                                               25012024000000000000000000000000000000000000000000000000000000000000000000000000000               0      00000000
0010002300005A0000000010163300000000196738 KATIA REGINA ALKIMIM                              26012024BRL000000000000000000000000013572                    00000000000000000000000                                                    0          
0010002300006B   100063218445604                                                                                               25012024000000000000000000000000000000000000000000000000000000000000000000000000000               0      00000000
0010002300007A0000000010163220000000668885 ANA CLARA BORGES ANDRADE                          26012024BRL000000000000000000000000013572                    00000000000000000000000                                                    0          
0010002300008B   100014293550690                                                                                               25012024000000000000000000000000000000000000000000000000000000000000000000000000000               0      00000000
0010002300009A0000000010567900000005988853 DAVID MESSIAS TEIXEIRA LOPES                      26012024BRL000000000000000000000000013572                    00000000000000000000000                                                    0          
0010002300010B   100014461239608                                                                                               25012024000000000000000000000000000000000000000000000000000000000000000000000000000               0      00000000
0010002300011A0000000010349160000000413070 IGOR MACIEL DA SILVA                              26012024BRL000000000000000000000000026100                    00000000000000000000000                                                    0          
0010002300012B   100011804059609                                                                                               25012024000000000000000000000000000000000000000000000000000000000000000000000000000               0      00000000
0010002300013A0000000010075010000001113046 IRIS PEREIRA DE LACERDA                           26012024BRL000000000000000000000000001305                    00000000000000000000000                                                    0          
0010002300014B   100054779901634                                                                                               25012024000000000000000000000000000000000000000000000000000000000000000000000000000               0      00000000
0010002300015A0000000010361020000000731382 ALEXANDRA MIRIAN LOPES EMERICH                    26012024BRL000000000000000000000000013572                    00000000000000000000000                                                    0          
0010002300016B   100012752823690                                                                                               25012024000000000000000000000000000000000000000000000000000000000000000000000000000               0      00000000
0010002300017A0000000010303250000000588164 MEIRIELI FABIANA SILVA FAUL                       26012024BRL000000000000000000000000013572                    00000000000000000000000                                                    0          
0010002300018B   100003728693600                                                                                               25012024000000000000000000000000000000000000000000000000000000000000000000000000000               0      00000000
0010002300019A0000000010075010000000745987 SILVANIA ALAIDE ALVES DE RESEN                    26012024BRL000000000000000000000000013572                    00000000000000000000000                                                    0          
0010002300020B   100092001343604                                                                                               25012024000000000000000000000000000000000000000000000000000000000000000000000000000               0      00000000
00100025         000022000000000000147726000000000000000000000000                                                                                                                                                                               
00199999         000002000160000000                                                                                                                                                                                                             
