00100000         2166944650001200009731870126       00503700000010316860FUNDACAO DE ENSINO DE CONTAGEMBANCO DO BRASIL S/A                     10510202300000000177900000000                                                                     
00100011C9803031 2166944650001200009731870126       00503700000010316860FUNDACAO DE ENSINO DE CONTAGEM                                                                                                                                          
0010001300001A0000181040379700000000174267 ADINAN ANGELO R DE QUEIROZ                        06102023BRL000000000000000000000000009000                    00000000000000000000000                                                    0          
0010001300002B   100004406326685                                                                                               05102023000000000000000000000000000000000000000000000000000000000000000000000000000               0      00000000
0010001300003A0000181040388000009274382044 ADRIANA GLORIA MAIA SANTOS                        06102023BRL000000000000000000000000014000                    00000000000000000000000                                                    0          
0010001300004B   100004381226666                                                                                               05102023000000000000000000000000000000000000000000000000000000000000000000000000000               0      00000000
0010001300005A0000181040089200007524292172 ALESSANDRA CRISTINA GONCALVES                     06102023BRL000000000000000000000000014000                    00000000000000000000000                                                    0          
0010001300006B   100008011921614                                                                                               05102023000000000000000000000000000000000000000000000000000000000000000000000000000               0      00000000
0010001300007A0000181040485500000000040985 ALINE MARQUES SILVEIRA                            06102023BRL000000000000000000000000014000                    00000000000000000000000                                                    0          
0010001300008B   100006183353663                                                                                               05102023000000000000000000000000000000000000000000000000000000000000000000000000000               0      00000000
0010001300009A0000181040008200007948284762 AMANDA  SANTOS JACONE                             06102023BRL000000000000000000000000014000                    00000000000000000000000                                                    0          
0010001300010B   100016782138611                                                                                               05102023000000000000000000000000000000000000000000000000000000000000000000000000000               0      00000000
0010001300011A0000181040388000007963825892 AMANDA TATIANE G DIAS PINTO                       06102023BRL000000000000000000000000010000                    00000000000000000000000                                                    0          
0010001300012B   100001263646646                                                                                               05102023000000000000000000000000000000000000000000000000000000000000000000000000000               0      00000000
0010001300013A0000181040152900007662851630 BRUNA PEREIRA RIBEIRO                             06102023BRL000000000000000000000000014000                    00000000000000000000000                                                    0          
0010001300014B   100005770913606                                                                                               05102023000000000000000000000000000000000000000000000000000000000000000000000000000               0      00000000
0010001300015A0000181040152900008552689373 DENIA DO CARMO S RODRIGUES                        06102023BRL000000000000000000000000013000                    00000000000000000000000                                                    0          
0010001300016B   100004304771639                                                                                               05102023000000000000000000000000000000000000000000000000000000000000000000000000000               0      00000000
0010001300017A0000181040089300008325806883 FABIANA PEREIRA PIMENTA                           06102023BRL000000000000000000000000009000                    00000000000000000000000                                                    0          
0010001300018B   100008750118617                                                                                               05102023000000000000000000000000000000000000000000000000000000000000000000000000000               0      00000000
0010001300019A0000181040081400000009177474 GLAUCIA DA SILVA VIEIRA                           06102023BRL000000000000000000000000013000                    00000000000000000000000                                                    0          
0010001300020B   100005047355608                                                                                               05102023000000000000000000000000000000000000000000000000000000000000000000000000000               0      00000000
0010001300021A0000181040388000009121488687 JANILENE TORRES DE SOUZA                          06102023BRL000000000000000000000000014000                    00000000000000000000000                                                    0          
0010001300022B   100010430486693                                                                                               05102023000000000000000000000000000000000000000000000000000000000000000000000000000               0      00000000
0010001300023A0000181040089300008681811337 JOSELMA APARECIDA DE P PASCOAR                    06102023BRL000000000000000000000000014000                    00000000000000000000000                                                    0          
0010001300024B   100013016697688                                                                                               05102023000000000000000000000000000000000000000000000000000000000000000000000000000               0      00000000
0010001300025A0000181040388000009573010572 JUBELAMAR MOREIRA DE PAULA                        06102023BRL000000000000000000000000014000                    00000000000000000000000                                                    0          
0010001300026B   100007274707604                                                                                               05102023000000000000000000000000000000000000000000000000000000000000000000000000000               0      00000000
0010001300027A0000181040128800009604625212 JULIANA MENDES RAIMUNDO                           06102023BRL000000000000000000000000012000                    00000000000000000000000                                                    0          
0010001300028B   100007910583605                                                                                               05102023000000000000000000000000000000000000000000000000000000000000000000000000000               0      00000000
0010001300029A0000183410693800000000088553 KATIA VALERIA CORDEIRO DE C MA                    06102023BRL000000000000000000000000013000                    00000000000000000000000                                                    0          
0010001300030B   100078594464720                                                                                               05102023000000000000000000000000000000000000000000000000000000000000000000000000000               0      00000000
0010001300031A0000181040294000007648421616 KENIA CRISTIAN ONIZETE                            06102023BRL000000000000000000000000014000                    00000000000000000000000                                                    0          
0010001300032B   100005792971609                                                                                               05102023000000000000000000000000000000000000000000000000000000000000000000000000000               0      00000000
0010001300033A0000181040089300007652422940 LUCINEIA APARECIDA DE SOUZA ES                    06102023BRL000000000000000000000000014000                    00000000000000000000000                                                    0          
0010001300034B   100093323646649                                                                                               05102023000000000000000000000000000000000000000000000000000000000000000000000000000               0      00000000
0010001300035A0000181040008500000009100402 MARIA VALDETE PINTO                               06102023BRL000000000000000000000000013000                    00000000000000000000000                                                    0          
0010001300036B   100004388456683                                                                                               05102023000000000000000000000000000000000000000000000000000000000000000000000000000               0      00000000
0010001300037A0000181040015400000001389157 MARILZA PEREIRA DA SILVEIRA                       06102023BRL000000000000000000000000014000                    00000000000000000000000                                                    0          
0010001300038B   100000184511607                                                                                               05102023000000000000000000000000000000000000000000000000000000000000000000000000000               0      00000000
0010001300039A0000181040089300000000532949 MARIZA PALMEIRA NOGUEIRA                          06102023BRL000000000000000000000000014000                    00000000000000000000000                                                    0          
0010001300040B   100011312242647                                                                                               05102023000000000000000000000000000000000000000000000000000000000000000000000000000               0      00000000
0010001300041A0000181040152900007650593860 MATHEUS DA PAZ PINHEIRO                           06102023BRL000000000000000000000000011000                    00000000000000000000000                                                    0          
0010001300042B   100014237320650                                                                                               05102023000000000000000000000000000000000000000000000000000000000000000000000000000               0      00000000
0010001300043A0000181040379700008573792041 PATRICIA APARECIDA A DOS SANTO                    06102023BRL000000000000000000000000013000                    00000000000000000000000                                                    0          
0010001300044B   100006275690640                                                                                               05102023000000000000000000000000000000000000000000000000000000000000000000000000000               0      00000000
0010001300045A0000181040089300000000920035 RAIMUNDA APARECIDA DA SILVA E                     06102023BRL000000000000000000000000013000                    00000000000000000000000                                                    0          
0010001300046B   100099522462691                                                                                               05102023000000000000000000000000000000000000000000000000000000000000000000000000000               0      00000000
0010001300047A0000181040283700000000329396 SANDRA PATRICIA SILVA                             06102023BRL000000000000000000000000014000                    00000000000000000000000                                                    0          
0010001300048B   100026116655831                                                                                               05102023000000000000000000000000000000000000000000000000000000000000000000000000000               0      00000000
0010001300049A0000181040388000009025869934 SELMA PEREIRA ERNESTO                             06102023BRL000000000000000000000000011000                    00000000000000000000000                                                    0          
0010001300050B   100005147138609                                                                                               05102023000000000000000000000000000000000000000000000000000000000000000000000000000               0      00000000
0010001300051A0000181040388000009312997160 SIMONE MARTINS DOS REIS                           06102023BRL000000000000000000000000014000                    00000000000000000000000                                                    0          
0010001300052B   100089568524649                                                                                               05102023000000000000000000000000000000000000000000000000000000000000000000000000000               0      00000000
0010001300053A0000181040152900000000699390 SOLANGE CORTELETE DE SENA                         06102023BRL000000000000000000000000013000                    00000000000000000000000                                                    0          
0010001300054B   100065969812668                                                                                               05102023000000000000000000000000000000000000000000000000000000000000000000000000000               0      00000000
0010001300055A0000181040355300007647359518 TATIANE CARVALHO DA SILVA                         06102023BRL000000000000000000000000013000                    00000000000000000000000                                                    0          
0010001300056B   100010089289684                                                                                               05102023000000000000000000000000000000000000000000000000000000000000000000000000000               0      00000000
00100015         000058000000000000362000000000000000000000000000                                                                                                                                                                               
00199999         000001000060000000                                                                                                                                                                                                             
