00100000         2166944650001200009731870126       00503700000010316860FUNDACAO DE ENSINO DE CONTAGEMBANCO DO BRASIL S/A                     12109202300000000177900000000                                                                     
00100011C9803031 2166944650001200009731870126       00503700000010316860FUNDACAO DE ENSINO DE CONTAGEM                                                                                                                                          
0010001300001A0000182600000100000628967253 ANA BEATRIZ PRINES DIAS                           21092023BRL000000000000000000000000012000                    00000000000000000000000                                                    0          
0010001300002B   100002346658669                                                                                               21092023000000000000000000000000000000000000000000000000000000000000000000000000000               0      00000000
0010001300003A0000180770000100000166192953 ANA LUIZA DINIZ DE CARVALHO                       21092023BRL000000000000000000000000012000                    00000000000000000000000                                                    0          
0010001300004B   100012391934670                                                                                               21092023000000000000000000000000000000000000000000000000000000000000000000000000000               0      00000000
0010001300005A0000180770000100000042825180 ANA LUIZA PEREIRA CARVALHO                        21092023BRL000000000000000000000000012000                    00000000000000000000000                                                    0          
0010001300006B   100015923529602                                                                                               21092023000000000000000000000000000000000000000000000000000000000000000000000000000               0      00000000
0010001300007A0000182600000100000335374487 ASHLLEY LINA MALAQUIAS                            21092023BRL000000000000000000000000012000                    00000000000000000000000                                                    0          
0010001300008B   100015678037684                                                                                               21092023000000000000000000000000000000000000000000000000000000000000000000000000000               0      00000000
0010001300009A0000183410563600000000547852 CAMILA LOPES DO NASCIMENTO                        21092023BRL000000000000000000000000012000                    00000000000000000000000                                                    0          
0010001300010B   100010230732690                                                                                               21092023000000000000000000000000000000000000000000000000000000000000000000000000000               0      00000000
0010001300011A0000182600000100000819550566 CLARA VITORIA RESENDE DE LIMA                     21092023BRL000000000000000000000000012000                    00000000000000000000000                                                    0          
0010001300012B   100070184381606                                                                                               21092023000000000000000000000000000000000000000000000000000000000000000000000000000               0      00000000
0010001300013A0000183360000100000072508248 CLAUDIA DE OLIVEIRA R DA COSTA                    21092023BRL000000000000000000000000012000                    00000000000000000000000                                                    0          
0010001300014B   100008879752677                                                                                               21092023000000000000000000000000000000000000000000000000000000000000000000000000000               0      00000000
0010001300015A0000180330318100000020156122 CLAUDIA MARIA LOPES DE CASTRO                     21092023BRL000000000000000000000000012000                    00000000000000000000000                                                    0          
0010001300016B   100003685549618                                                                                               21092023000000000000000000000000000000000000000000000000000000000000000000000000000               0      00000000
0010001300017A0000183410563600000000677840 DALILA TOMICH DE SOUZA                            21092023BRL000000000000000000000000012000                    00000000000000000000000                                                    0          
0010001300018B   100011378631617                                                                                               21092023000000000000000000000000000000000000000000000000000000000000000000000000000               0      00000000
0010001300019A0000182600000100000359424712 DEBORA CRISTINA SILVA DE O MAR                    21092023BRL000000000000000000000000012000                    00000000000000000000000                                                    0          
0010001300020B   100012268513637                                                                                               21092023000000000000000000000000000000000000000000000000000000000000000000000000000               0      00000000
0010001300021A0000180770000100000094687188 EMANUEL ALEXANDRE P DE OLIVEIR                    21092023BRL000000000000000000000000012000                    00000000000000000000000                                                    0          
0010001300022B   100002333432616                                                                                               21092023000000000000000000000000000000000000000000000000000000000000000000000000000               0      00000000
0010001300023A0000183410563600000000647777 FABRICIO AUGUSTO SILVA                            21092023BRL000000000000000000000000012000                    00000000000000000000000                                                    0          
0010001300024B   100015216158618                                                                                               21092023000000000000000000000000000000000000000000000000000000000000000000000000000               0      00000000
0010001300025A0000183180008900000068409772 GABRIELA DE OLIVEIRA ROCHA                        21092023BRL000000000000000000000000012000                    00000000000000000000000                                                    0          
0010001300026B   100013836229650                                                                                               21092023000000000000000000000000000000000000000000000000000000000000000000000000000               0      00000000
0010001300027A0000187560402700000906253063 GISELHA MENDES DE ASSIS                           21092023BRL000000000000000000000000012000                    00000000000000000000000                                                    0          
0010001300028B   100000538988690                                                                                               21092023000000000000000000000000000000000000000000000000000000000000000000000000000               0      00000000
0010001300029A0000182600000100000019874354 GLEISIANE ALEXANDRA RIBEIRO CA                    21092023BRL000000000000000000000000012000                    00000000000000000000000                                                    0          
0010001300030B   100014064805682                                                                                               21092023000000000000000000000000000000000000000000000000000000000000000000000000000               0      00000000
0010001300031A0000182600000100000848787299 ISABEL GONCALVES SOUSA                            21092023BRL000000000000000000000000012000                    00000000000000000000000                                                    0          
0010001300032B   100004969753660                                                                                               21092023000000000000000000000000000000000000000000000000000000000000000000000000000               0      00000000
0010001300033A0000183400000100000014683571 IVANETE LOPES ESTEVES DE SOUZA                    21092023BRL000000000000000000000000012000                    00000000000000000000000                                                    0          
0010001300034B   100008791032644                                                                                               21092023000000000000000000000000000000000000000000000000000000000000000000000000000               0      00000000
0010001300035A0000180330392200000010979347 JANILENE TORRES DE SOUZA                          21092023BRL000000000000000000000000012000                    00000000000000000000000                                                    0          
0010001300036B   100010430486693                                                                                               21092023000000000000000000000000000000000000000000000000000000000000000000000000000               0      00000000
0010001300037A0000182600000100000343225101 JAQUELINE MARA BARBOSA                            21092023BRL000000000000000000000000012000                    00000000000000000000000                                                    0          
0010001300038B   100070210786680                                                                                               21092023000000000000000000000000000000000000000000000000000000000000000000000000000               0      00000000
0010001300039A0000183800000100000656783524 JESSICA APARECIDA SILVA                           21092023BRL000000000000000000000000012000                    00000000000000000000000                                                    0          
0010001300040B   100002057659631                                                                                               21092023000000000000000000000000000000000000000000000000000000000000000000000000000               0      00000000
0010001300041A0000182600000100000783407619 JESSICA LOPES SANDIM                              21092023BRL000000000000000000000000012000                    00000000000000000000000                                                    0          
0010001300042B   100010002876612                                                                                               21092023000000000000000000000000000000000000000000000000000000000000000000000000000               0      00000000
0010001300043A0000183180008900000136616632 JOICE SILVA BARBOSA                               21092023BRL000000000000000000000000012000                    00000000000000000000000                                                    0          
0010001300044B   100009011997611                                                                                               21092023000000000000000000000000000000000000000000000000000000000000000000000000000               0      00000000
0010001300045A0000183360000100000146003861 JULIANE CARVALHO DE MOURA                         21092023BRL000000000000000000000000012000                    00000000000000000000000                                                    0          
0010001300046B   100048077229675                                                                                               21092023000000000000000000000000000000000000000000000000000000000000000000000000000               0      00000000
0010001300047A0000182600000100000627192174 JUNIA DA SILVA SANTOS                             21092023BRL000000000000000000000000012000                    00000000000000000000000                                                    0          
0010001300048B   100009444891682                                                                                               21092023000000000000000000000000000000000000000000000000000000000000000000000000000               0      00000000
0010001300049A0000182370221200000002364115 KAMILA P M DA S MENDONCA                          21092023BRL000000000000000000000000012000                    00000000000000000000000                                                    0          
0010001300050B   100008626403690                                                                                               21092023000000000000000000000000000000000000000000000000000000000000000000000000000               0      00000000
0010001300051A0000180330335300000020165477 KLELCIA BRAGANCA MIRANDA MAIA                     21092023BRL000000000000000000000000012000                    00000000000000000000000                                                    0          
0010001300052B   100006481222630                                                                                               21092023000000000000000000000000000000000000000000000000000000000000000000000000000               0      00000000
0010001300053A0000182600000100000317401170 LILIAN FATIMA ALVES                               21092023BRL000000000000000000000000012000                    00000000000000000000000                                                    0          
0010001300054B   100001659435641                                                                                               21092023000000000000000000000000000000000000000000000000000000000000000000000000000               0      00000000
0010001300055A0000182600000100000266210663 LOREN KETHLYN DE SOUZA                            21092023BRL000000000000000000000000012000                    00000000000000000000000                                                    0          
0010001300056B   100002250925658                                                                                               21092023000000000000000000000000000000000000000000000000000000000000000000000000000               0      00000000
0010001300057A0000182600000100000142185808 LUCINEIA RIBEIRO SILVA                            21092023BRL000000000000000000000000012000                    00000000000000000000000                                                    0          
0010001300058B   100404133811859                                                                                               21092023000000000000000000000000000000000000000000000000000000000000000000000000000               0      00000000
0010001300059A0000182600000100000308352034 MARIELLY GONLACVES SANTOS                         21092023BRL000000000000000000000000012000                    00000000000000000000000                                                    0          
0010001300060B   100012892718617                                                                                               21092023000000000000000000000000000000000000000000000000000000000000000000000000000               0      00000000
0010001300061A0000182600000100000098048731 MARYANA JUVENAL MACHADO                           21092023BRL000000000000000000000000012000                    00000000000000000000000                                                    0          
0010001300062B   100014848518628                                                                                               21092023000000000000000000000000000000000000000000000000000000000000000000000000000               0      00000000
0010001300063A0000180770000100000087686953 MEYRIVONE MADALENA DE SOUZA                       21092023BRL000000000000000000000000012000                    00000000000000000000000                                                    0          
0010001300064B   100008598359602                                                                                               21092023000000000000000000000000000000000000000000000000000000000000000000000000000               0      00000000
0010001300065A0000182600000100000416828790 NAYANE FONSECA FERREIRA                           21092023BRL000000000000000000000000012000                    00000000000000000000000                                                    0          
0010001300066B   100012863873610                                                                                               21092023000000000000000000000000000000000000000000000000000000000000000000000000000               0      00000000
0010001300067A0000182600000100000087380873 NAYARA BRUNA LACERDA                              21092023BRL000000000000000000000000012000                    00000000000000000000000                                                    0          
0010001300068B   100011300827688                                                                                               21092023000000000000000000000000000000000000000000000000000000000000000000000000000               0      00000000
0010001300069A0000183410563600000000511726 POLIANA FERNANDA ARAUJO                           21092023BRL000000000000000000000000012000                    00000000000000000000000                                                    0          
0010001300070B   100007509469627                                                                                               21092023000000000000000000000000000000000000000000000000000000000000000000000000000               0      00000000
0010001300071A0000183800000100000117802930 RAFAEL JOAQUIM CARVALHO DOS AN                    21092023BRL000000000000000000000000012000                    00000000000000000000000                                                    0          
0010001300072B   100012323937626                                                                                               21092023000000000000000000000000000000000000000000000000000000000000000000000000000               0      00000000
0010001300073A0000180330387600000010601752 RENATA RODRIGUES DOS SANTOS                       21092023BRL000000000000000000000000012000                    00000000000000000000000                                                    0          
0010001300074B   100006776327629                                                                                               21092023000000000000000000000000000000000000000000000000000000000000000000000000000               0      00000000
0010001300075A0000180770000100000224287702 RICARDO CHAVES DE QUEIROS                         21092023BRL000000000000000000000000012000                    00000000000000000000000                                                    0          
0010001300076B   100015888264652                                                                                               21092023000000000000000000000000000000000000000000000000000000000000000000000000000               0      00000000
0010001300077A0000182370046200000000543226 ROSEMARY APARECIDA DA SILVA                       21092023BRL000000000000000000000000012000                    00000000000000000000000                                                    0          
0010001300078B   100006954694606                                                                                               21092023000000000000000000000000000000000000000000000000000000000000000000000000000               0      00000000
0010001300079A0000180330309700000020167182 ROSILENE DE C DIAS DE S OLIVEI                    21092023BRL000000000000000000000000012000                    00000000000000000000000                                                    0          
0010001300080B   100003344926616                                                                                               21092023000000000000000000000000000000000000000000000000000000000000000000000000000               0      00000000
0010001300081A0000182600000100000881828423 SABLINE SARANA DE OLIVEIRA PIR                    21092023BRL000000000000000000000000012000                    00000000000000000000000                                                    0          
0010001300082B   100014033547665                                                                                               21092023000000000000000000000000000000000000000000000000000000000000000000000000000               0      00000000
0010001300083A0000180330458370000000211761 SHEILA DOS REIS ALVES                             21092023BRL000000000000000000000000012000                    00000000000000000000000                                                    0          
0010001300084B   100005043722622                                                                                               21092023000000000000000000000000000000000000000000000000000000000000000000000000000               0      00000000
0010001300085A0000180330296700000010700312 SUELI RODRIGUES DOS SANTOS                        21092023BRL000000000000000000000000012000                    00000000000000000000000                                                    0          
0010001300086B   100001555648622                                                                                               21092023000000000000000000000000000000000000000000000000000000000000000000000000000               0      00000000
0010001300087A0000183360000100000184769183 TAIS RAMOS GABRIEL                                21092023BRL000000000000000000000000012000                    00000000000000000000000                                                    0          
0010001300088B   100012037577605                                                                                               21092023000000000000000000000000000000000000000000000000000000000000000000000000000               0      00000000
0010001300089A0000180770000100000025946498 TASIANE GIZELE HASTENRAITER                       21092023BRL000000000000000000000000012000                    00000000000000000000000                                                    0          
0010001300090B   100007760102631                                                                                               21092023000000000000000000000000000000000000000000000000000000000000000000000000000               0      00000000
0010001300091A0000182370180600000000384402 TATIANE FIUZA                                     21092023BRL000000000000000000000000012000                    00000000000000000000000                                                    0          
0010001300092B   100003623348627                                                                                               21092023000000000000000000000000000000000000000000000000000000000000000000000000000               0      00000000
0010001300093A0000183410563600000000702689 THATYANE GONZAGA BARDASSON                        21092023BRL000000000000000000000000012000                    00000000000000000000000                                                    0          
0010001300094B   100013502373612                                                                                               21092023000000000000000000000000000000000000000000000000000000000000000000000000000               0      00000000
0010001300095A0000182370046400000000417807 VANESSA DA SILVA S ENGRACIO                       21092023BRL000000000000000000000000012000                    00000000000000000000000                                                    0          
0010001300096B   100001437711677                                                                                               21092023000000000000000000000000000000000000000000000000000000000000000000000000000               0      00000000
0010001300097A0000180770000100000138803781 WESLEY EMANUEL SOUSA DE JESUS                     21092023BRL000000000000000000000000012000                    00000000000000000000000                                                    0          
0010001300098B   100070274714264                                                                                               21092023000000000000000000000000000000000000000000000000000000000000000000000000000               0      00000000
00100015         000100000000000000588000000000000000000000000000                                                                                                                                                                               
00100021C9801031 2166944650001200009731870126       00503700000010316860FUNDACAO DE ENSINO DE CONTAGEM                                                                                                                                          
0010002300001A0000000010389540000000385900 ANDREA DA SILVA                                   21092023BRL000000000000000000000000012000                    00000000000000000000000                                                    0          
0010002300002B   100003931887600                                                                                               21092023000000000000000000000000000000000000000000000000000000000000000000000000000               0      00000000
00100025         000004000000000000012000000000000000000000000000                                                                                                                                                                               
00199999         000002000106000000                                                                                                                                                                                                             
