00100000         2166944650001200009731870126       01633000000009285850FUNDACAO DE ENSINO DE CONTAGEMBANCO DO BRASIL S/A                     11107202400000000177900000000                                                                     
00100011C9803031 2166944650001200009731870126       01633000000009285850FUNDACAO DE ENSINO DE CONTAGEM                                                                                                                                          
0010001300001A0000180010438340000001055658 ALEXSANDRA DA CONCEICAO DA SIL                    11072024BRL000000000000000000000000028800                    00000000000000000000000                                                    0          
0010001300002B   100004698756669                                                                                               11072024000000000000000000000000000000000000000000000000000000000000000000000000000               0      00000000
0010001300003A0000180770000100000287770826 BERNARDO MACEDO DA COSTA ARAUJ                    11072024BRL000000000000000000000000028800                    00000000000000000000000                                                    0          
0010001300004B   100011450457665                                                                                               11072024000000000000000000000000000000000000000000000000000000000000000000000000000               0      00000000
0010001300005A0000182600000100000146611660 DANIEL EMANUEL DAMARES DIAS CU                    11072024BRL000000000000000000000000028800                    00000000000000000000000                                                    0          
0010001300006B   100070077617630                                                                                               11072024000000000000000000000000000000000000000000000000000000000000000000000000000               0      00000000
0010001300007A0000182600000100000282385773 DEBORA ANGELICA DE OLIVEIRA                       11072024BRL000000000000000000000000028800                    00000000000000000000000                                                    0          
0010001300008B   100013781989640                                                                                               11072024000000000000000000000000000000000000000000000000000000000000000000000000000               0      00000000
0010001300009A0000180330423800000010589868 HELLEN CAROLINE FERREIRA SILVA                    11072024BRL000000000000000000000000028800                    00000000000000000000000                                                    0          
0010001300010B   100002241720690                                                                                               11072024000000000000000000000000000000000000000000000000000000000000000000000000000               0      00000000
0010001300011A0000183230000100029838609122 ISADORA MACEDO ANDRADE                            11072024BRL000000000000000000000000028800                    00000000000000000000000                                                    0          
0010001300012B   100011613941684                                                                                               11072024000000000000000000000000000000000000000000000000000000000000000000000000000               0      00000000
0010001300013A0000183410777100000000455883 JOAO PAULO SILVA EMILIANO                         11072024BRL000000000000000000000000028800                    00000000000000000000000                                                    0          
0010001300014B   100010920235697                                                                                               11072024000000000000000000000000000000000000000000000000000000000000000000000000000               0      00000000
0010001300015A0000182600000100004940508357 LIVIA ROZADO DOS SANTOS                           11072024BRL000000000000000000000000028800                    00000000000000000000000                                                    0          
0010001300016B   100012491445662                                                                                               11072024000000000000000000000000000000000000000000000000000000000000000000000000000               0      00000000
0010001300017A0000182370221200000003602915 LUARA ALVES RODRIGUES                             11072024BRL000000000000000000000000028800                    00000000000000000000000                                                    0          
0010001300018B   100016284339658                                                                                               11072024000000000000000000000000000000000000000000000000000000000000000000000000000               0      00000000
0010001300019A0000180330348800000020258972 LUZINETE ALVES SILVA FERREIRA                     11072024BRL000000000000000000000000028800                    00000000000000000000000                                                    0          
0010001300020B   100001064721605                                                                                               11072024000000000000000000000000000000000000000000000000000000000000000000000000000               0      00000000
0010001300021A0000182600000100000214030703 MAISA LETICIA PEREIRA DOS SANT                    11072024BRL000000000000000000000000028800                    00000000000000000000000                                                    0          
0010001300022B   100002002304688                                                                                               11072024000000000000000000000000000000000000000000000000000000000000000000000000000               0      00000000
0010001300023A0000182600000100000578573107 MARIA EDUARDA DE FIGUEIREDO                       11072024BRL000000000000000000000000028800                    00000000000000000000000                                                    0          
0010001300024B   100014277283640                                                                                               11072024000000000000000000000000000000000000000000000000000000000000000000000000000               0      00000000
0010001300025A0000180010163300000000620998 MATHEUS FERNANDES FERRAZ SOARE                    11072024BRL000000000000000000000000028800                    00000000000000000000000                                                    0          
0010001300026B   100007573525613                                                                                               11072024000000000000000000000000000000000000000000000000000000000000000000000000000               0      00000000
0010001300027A0000182600000100000848952964 NICOLAS MIGUEL RODRIGUES DOS S                    11072024BRL000000000000000000000000028800                    00000000000000000000000                                                    0          
0010001300028B   100016897324663                                                                                               11072024000000000000000000000000000000000000000000000000000000000000000000000000000               0      00000000
0010001300029A0000180770000100000177794216 PEDRO MARTINS SILVA                               11072024BRL000000000000000000000000028800                    00000000000000000000000                                                    0          
0010001300030B   100010279663650                                                                                               11072024000000000000000000000000000000000000000000000000000000000000000000000000000               0      00000000
0010001300031A0000183410050000000223867644 ROSANA FATIMA ARAUJO                              11072024BRL000000000000000000000000028800                    00000000000000000000000                                                    0          
0010001300032B   100009799430607                                                                                               11072024000000000000000000000000000000000000000000000000000000000000000000000000000               0      00000000
0010001300033A0000180770000100000112569013 ADRIANE PASSOS BARRETO                            11072024BRL000000000000000000000000028800                    00000000000000000000000                                                    0          
0010001300034B   100012116245605                                                                                               11072024000000000000000000000000000000000000000000000000000000000000000000000000000               0      00000000
0010001300035A0000183410789300000000562020 BIANCA CRISTINA SOUZA                             11072024BRL000000000000000000000000028800                    00000000000000000000000                                                    0          
0010001300036B   100010561144605                                                                                               11072024000000000000000000000000000000000000000000000000000000000000000000000000000               0      00000000
0010001300037A0000182600000100000821602573 CAMILA DE JESUS OLIVEIRA DE SO                    11072024BRL000000000000000000000000028800                    00000000000000000000000                                                    0          
0010001300038B   100003450202600                                                                                               11072024000000000000000000000000000000000000000000000000000000000000000000000000000               0      00000000
0010001300039A0000180770000100000062696416 CRISPIM ANTONIO GOMES NETO                        11072024BRL000000000000000000000000028800                    00000000000000000000000                                                    0          
0010001300040B   100015965706600                                                                                               11072024000000000000000000000000000000000000000000000000000000000000000000000000000               0      00000000
0010001300041A00001800101631400000000401625 ELIEUZA VIEIRA MARQUES                           11072024BRL000000000000000000000000028800                    00000000000000000000000                                                    0          
0010001300042B   100003382995646                                                                                               11072024000000000000000000000000000000000000000000000000000000000000000000000000000               0      00000000
0010001300043A0000180330009700000010614736 FABIANA MOREIRA EVARISTO                          11072024BRL000000000000000000000000028800                    00000000000000000000000                                                    0          
0010001300044B   100009373040693                                                                                               11072024000000000000000000000000000000000000000000000000000000000000000000000000000               0      00000000
0010001300045A0000180770000100000035281545 JESSICA GOMES DA SILVA                            11072024BRL000000000000000000000000028800                    00000000000000000000000                                                    0          
0010001300046B   100012427804673                                                                                               11072024000000000000000000000000000000000000000000000000000000000000000000000000000               0      00000000
0010001300047A0000180330387600000001003348 JOYCE ALAIDE BARROS DA ROCHA                      11072024BRL000000000000000000000000028800                    00000000000000000000000                                                    0          
0010001300048B   100006528360626                                                                                               11072024000000000000000000000000000000000000000000000000000000000000000000000000000               0      00000000
0010001300049A0000182600000100000474318956 LEILA CRISTINA ALVES DE OLIVEI                    11072024BRL000000000000000000000000028800                    00000000000000000000000                                                    0          
0010001300050B   100001348880651                                                                                               11072024000000000000000000000000000000000000000000000000000000000000000000000000000               0      00000000
0010001300051A0000182600000100000897943657 LORENA STEPHANIE GONCALVES DA                     11072024BRL000000000000000000000000028800                    00000000000000000000000                                                    0          
0010001300052B   100015701673626                                                                                               11072024000000000000000000000000000000000000000000000000000000000000000000000000000               0      00000000
0010001300053A0000182600000100000009066329 MARIA THEREZA ASSIS BRAGA                         11072024BRL000000000000000000000000028800                    00000000000000000000000                                                    0          
0010001300054B   100013141914621                                                                                               11072024000000000000000000000000000000000000000000000000000000000000000000000000000               0      00000000
0010001300055A0000183410303900000000301878 MARINA DOS SANTOS MENDES                          11072024BRL000000000000000000000000028800                    00000000000000000000000                                                    0          
0010001300056B   100085915211615                                                                                               11072024000000000000000000000000000000000000000000000000000000000000000000000000000               0      00000000
0010001300057A0000180770000100000088034488 PAULA HELENA NEVES VIEIRA                         11072024BRL000000000000000000000000028800                    00000000000000000000000                                                    0          
0010001300058B   100012638793655                                                                                               11072024000000000000000000000000000000000000000000000000000000000000000000000000000               0      00000000
0010001300059A0000186230000100000300407795 PETER ALMEIDA DA SILVA ARAUJO                     11072024BRL000000000000000000000000028800                    00000000000000000000000                                                    0          
0010001300060B   100011273905628                                                                                               11072024000000000000000000000000000000000000000000000000000000000000000000000000000               0      00000000
0010001300061A0000180330348800000020285787 RUTE ALVES CIPRIANO BARBOSA                       11072024BRL000000000000000000000000028800                    00000000000000000000000                                                    0          
0010001300062B   100003473145629                                                                                               11072024000000000000000000000000000000000000000000000000000000000000000000000000000               0      00000000
0010001300063A0000180770000100000206616104 SARA HELEN RODRIGUES GONCALVES                    11072024BRL000000000000000000000000028800                    00000000000000000000000                                                    0          
0010001300064B   100018912402692                                                                                               11072024000000000000000000000000000000000000000000000000000000000000000000000000000               0      00000000
0010001300065A0000180770000100000075513706 SIMONE AMARAL FONTOURA COSTA                      11072024BRL000000000000000000000000028800                    00000000000000000000000                                                    0          
0010001300066B   100003461099651                                                                                               11072024000000000000000000000000000000000000000000000000000000000000000000000000000               0      00000000
0010001300067A0000180770000100000096874244 STEFANE TAMARA RIBEIRO BOSCO                      11072024BRL000000000000000000000000028800                    00000000000000000000000                                                    0          
0010001300068B   100011920892605                                                                                               11072024000000000000000000000000000000000000000000000000000000000000000000000000000               0      00000000
0010001300069A0000182600000100000035094776 THALLYTA VITORIA GONCALVES COU                    11072024BRL000000000000000000000000028800                    00000000000000000000000                                                    0          
0010001300070B   100070041266684                                                                                               11072024000000000000000000000000000000000000000000000000000000000000000000000000000               0      00000000
0010001300071A0000182600000100000349958325 VERONICA CASSIA DE OLIVEIRA                       11072024BRL000000000000000000000000028800                    00000000000000000000000                                                    0          
0010001300072B   100013066866602                                                                                               11072024000000000000000000000000000000000000000000000000000000000000000000000000000               0      00000000
0010001300073A0000180770000100000249915715 MATHEUS HENRIQUE ADAO DO NASCI                    11072024BRL000000000000000000000000028800                    00000000000000000000000                                                    0          
0010001300074B   100015120308643                                                                                               11072024000000000000000000000000000000000000000000000000000000000000000000000000000               0      00000000
0010001300075A0000183800000100000336139160 AMANDA CAROLINA MIRANDA TEIXEI                    11072024BRL000000000000000000000000028800                    00000000000000000000000                                                    0          
0010001300076B   100013754217607                                                                                               11072024000000000000000000000000000000000000000000000000000000000000000000000000000               0      00000000
0010001300077A0000183800000100000516445448 ANA LUIZA PEREIRA CARVALHO                        11072024BRL000000000000000000000000028800                    00000000000000000000000                                                    0          
0010001300078B   100015923529602                                                                                               11072024000000000000000000000000000000000000000000000000000000000000000000000000000               0      00000000
0010001300079A0000180770000100000253908442 ANA VITORIA COSTA RIBEIRO                         11072024BRL000000000000000000000000028800                    00000000000000000000000                                                    0          
0010001300080B   100019027756600                                                                                               11072024000000000000000000000000000000000000000000000000000000000000000000000000000               0      00000000
0010001300081A0000180770000100000232308322 BIANCA CARLOS DO NASCIMENTO                       11072024BRL000000000000000000000000028800                    00000000000000000000000                                                    0          
0010001300082B   100070083153683                                                                                               11072024000000000000000000000000000000000000000000000000000000000000000000000000000               0      00000000
0010001300083A0000181040089300000000502531 CYNTIA SILVA PINTO                                11072024BRL000000000000000000000000028800                    00000000000000000000000                                                    0          
0010001300084B   100009327482603                                                                                               11072024000000000000000000000000000000000000000000000000000000000000000000000000000               0      00000000
0010001300085A0000182600000100000465188350 DAYANE ADRIANE DE OLIVEIRA                        11072024BRL000000000000000000000000028800                    00000000000000000000000                                                    0          
0010001300086B   100011465084681                                                                                               11072024000000000000000000000000000000000000000000000000000000000000000000000000000               0      00000000
0010001300087A0000183410744300000000537423 EMMANUELLY CRISTINA DA SILVA P                    11072024BRL000000000000000000000000028800                    00000000000000000000000                                                    0          
0010001300088B   100016365733631                                                                                               11072024000000000000000000000000000000000000000000000000000000000000000000000000000               0      00000000
0010001300089A0000182600000100000351125631 GISLAINE ROSA SOUZA                               11072024BRL000000000000000000000000028800                    00000000000000000000000                                                    0          
0010001300090B   100012185130633                                                                                               11072024000000000000000000000000000000000000000000000000000000000000000000000000000               0      00000000
0010001300091A0000182600000100000074238406 ISABELA SILVIA CORREA                             11072024BRL000000000000000000000000028800                    00000000000000000000000                                                    0          
0010001300092B   100009906984678                                                                                               11072024000000000000000000000000000000000000000000000000000000000000000000000000000               0      00000000
0010001300093A0000182600000100000864079184 LAURA ESTEVES GUIMARAES                           11072024BRL000000000000000000000000028800                    00000000000000000000000                                                    0          
0010001300094B   100015063962670                                                                                               11072024000000000000000000000000000000000000000000000000000000000000000000000000000               0      00000000
0010001300095A0000180330417700000010966108 LORRAN JUNIO DE SOUZA                             11072024BRL000000000000000000000000028800                    00000000000000000000000                                                    0          
0010001300096B   100002250925658                                                                                               11072024000000000000000000000000000000000000000000000000000000000000000000000000000               0      00000000
0010001300097A0000180330348800000020261118 LORRAYNE DAGIB MANJA                              11072024BRL000000000000000000000000028800                    00000000000000000000000                                                    0          
0010001300098B   100015730690606                                                                                               11072024000000000000000000000000000000000000000000000000000000000000000000000000000               0      00000000
0010001300099A0000182600000100000586062389 MAIRA ELISA OLIVEIRA MARTINS                      11072024BRL000000000000000000000000028800                    00000000000000000000000                                                    0          
0010001300100B   100012687744646                                                                                               11072024000000000000000000000000000000000000000000000000000000000000000000000000000               0      00000000
0010001300101A0000180770000100000024409405 MARIA DANIELE ARAUJO CARVALHO                     11072024BRL000000000000000000000000028800                    00000000000000000000000                                                    0          
0010001300102B   100003627467370                                                                                               11072024000000000000000000000000000000000000000000000000000000000000000000000000000               0      00000000
0010001300103A00001800101633000000000367303 NAYARA CAROLINE SANTOS SILVA                     11072024BRL000000000000000000000000028800                    00000000000000000000000                                                    0          
0010001300104B   100010144163616                                                                                               11072024000000000000000000000000000000000000000000000000000000000000000000000000000               0      00000000
0010001300105A0000180770000100000163083029 PABLO LUIS DE JESUS DAMASCENO                     11072024BRL000000000000000000000000028800                    00000000000000000000000                                                    0          
0010001300106B   100012556678690                                                                                               11072024000000000000000000000000000000000000000000000000000000000000000000000000000               0      00000000
0010001300107A0000182370264000000000661597 PEDRO PASCOAL DE SOUZA CAMPANH                    11072024BRL000000000000000000000000028800                    00000000000000000000000                                                    0          
0010001300108B   100015337003623                                                                                               11072024000000000000000000000000000000000000000000000000000000000000000000000000000               0      00000000
0010001300109A0000182600000100007012246355 RAYANE FREITAS DIAS                               11072024BRL000000000000000000000000028800                    00000000000000000000000                                                    0          
0010001300110B   100070373818610                                                                                               11072024000000000000000000000000000000000000000000000000000000000000000000000000000               0      00000000
0010001300111A0000180010281850000000207608 ROSILENE RODRIGUES DA COSTA                       11072024BRL000000000000000000000000028800                    00000000000000000000000                                                    0          
0010001300112B   100065380541615                                                                                               11072024000000000000000000000000000000000000000000000000000000000000000000000000000               0      00000000
0010001300113A0000180770000100000251043746 SOFIA SILVA BRAGA                                 11072024BRL000000000000000000000000028800                    00000000000000000000000                                                    0          
0010001300114B   100015590820626                                                                                               11072024000000000000000000000000000000000000000000000000000000000000000000000000000               0      00000000
0010001300115A0000182600000100000076112085 THAIS CRISTINA FIGUEIREDO                         11072024BRL000000000000000000000000028800                    00000000000000000000000                                                    0          
0010001300116B   100011414075669                                                                                               11072024000000000000000000000000000000000000000000000000000000000000000000000000000               0      00000000
0010001300117A0000180770000100000067339786 ALINE CAMPOS SILVA                                11072024BRL000000000000000000000000028800                    00000000000000000000000                                                    0          
0010001300118B   100011449994644                                                                                               11072024000000000000000000000000000000000000000000000000000000000000000000000000000               0      00000000
0010001300119A0000180770000190000007958831 ANA LUISA SISLAN DOS SANTOS                       11072024BRL000000000000000000000000028800                    00000000000000000000000                                                    0          
0010001300120B   100016277611607                                                                                               11072024000000000000000000000000000000000000000000000000000000000000000000000000000               0      00000000
0010001300121A0000182600000100000563432405 APARECIDA IDENI DE OLIVEIRA                       11072024BRL000000000000000000000000028800                    00000000000000000000000                                                    0          
0010001300122B   100062781790672                                                                                               11072024000000000000000000000000000000000000000000000000000000000000000000000000000               0      00000000
0010001300123A0000183410139900000000932316 DAYANE MAXIMIANA SILVA MARQUES                    11072024BRL000000000000000000000000028800                    00000000000000000000000                                                    0          
0010001300124B   100006402250635                                                                                               11072024000000000000000000000000000000000000000000000000000000000000000000000000000               0      00000000
0010001300125A0000183800000100000580758290 DEBORAH CRISTINA GLICERIO PINH                    11072024BRL000000000000000000000000028800                    00000000000000000000000                                                    0          
0010001300126B   100016371146645                                                                                               11072024000000000000000000000000000000000000000000000000000000000000000000000000000               0      00000000
0010001300127A0000180770000100000206615728 GABRIELLY ALVES SILVA                             11072024BRL000000000000000000000000028800                    00000000000000000000000                                                    0          
0010001300128B   100015806263606                                                                                               11072024000000000000000000000000000000000000000000000000000000000000000000000000000               0      00000000
0010001300129A0000180770000100000163068429 ISABELA APARECIDA DE JESUS BOR                    11072024BRL000000000000000000000000028800                    00000000000000000000000                                                    0          
0010001300130B   100014023874663                                                                                               11072024000000000000000000000000000000000000000000000000000000000000000000000000000               0      00000000
0010001300131A0000183410789300000000595699 JESSICA DE SOUZA FRANCA COIMBR                    11072024BRL000000000000000000000000028800                    00000000000000000000000                                                    0          
0010001300132B   100010769092640                                                                                               11072024000000000000000000000000000000000000000000000000000000000000000000000000000               0      00000000
0010001300133A00001826000001000000834660753 LARISSA MAIRA DIAS MARTINS                       11072024BRL000000000000000000000000028800                    00000000000000000000000                                                    0          
0010001300134B   100014244315659                                                                                               11072024000000000000000000000000000000000000000000000000000000000000000000000000000               0      00000000
0010001300135A00001807700001900000354213962 LAURA CLARET ALVES DOS REIS                      11072024BRL000000000000000000000000028800                    00000000000000000000000                                                    0          
0010001300136B   100070213205661                                                                                               11072024000000000000000000000000000000000000000000000000000000000000000000000000000               0      00000000
0010001300137A00001800000001000000939643167 MAYARA ALMEIDA DA SILVA                          11072024BRL000000000000000000000000028800                    00000000000000000000000                                                    0          
0010001300138B   100001784985643                                                                                               11072024000000000000000000000000000000000000000000000000000000000000000000000000000               0      00000000
0010001300139A0000183360000100000119857103 SERGIMARA DE FATIMA MUNIZ                         11072024BRL000000000000000000000000028800                    00000000000000000000000                                                    0          
0010001300140B   100007532364607                                                                                               11072024000000000000000000000000000000000000000000000000000000000000000000000000000               0      00000000
0010001300141A0000180770000100000151280576 AGATA AMANDA MIRANDA GOMES                        11072024BRL000000000000000000000000028800                    00000000000000000000000                                                    0          
0010001300142B   100002255659603                                                                                               11072024000000000000000000000000000000000000000000000000000000000000000000000000000               0      00000000
0010001300143A0000183230000010016748742215 ALBA MARIA DE ALMEIDA CASTRO                      11072024BRL000000000000000000000000028800                    00000000000000000000000                                                    0          
0010001300144B   100018592518709                                                                                               11072024000000000000000000000000000000000000000000000000000000000000000000000000000               0      00000000
0010001300145A0000180770000100000272168300 CLAUDIA APARECIDA FERREIRA FER                    11072024BRL000000000000000000000000028800                    00000000000000000000000                                                    0          
0010001300146B   100074611534634                                                                                               11072024000000000000000000000000000000000000000000000000000000000000000000000000000               0      00000000
0010001300147A0000182600000100000024762685 EDINALRA CRISTINA XAVIER SACRA                    11072024BRL000000000000000000000000028800                    00000000000000000000000                                                    0          
0010001300148B   100009953472637                                                                                               11072024000000000000000000000000000000000000000000000000000000000000000000000000000               0      00000000
0010001300149A0000180330348800000010300203 ELIANE APARECIDA DA SILVA BRAG                    11072024BRL000000000000000000000000028800                    00000000000000000000000                                                    0          
0010001300150B   100094401594649                                                                                               11072024000000000000000000000000000000000000000000000000000000000000000000000000000               0      00000000
0010001300151A0000180770000100000166541443 ISABELLI EDUARDA SILVA OLIVEIR                    11072024BRL000000000000000000000000028800                    00000000000000000000000                                                    0          
0010001300152B   100015422842600                                                                                               11072024000000000000000000000000000000000000000000000000000000000000000000000000000               0      00000000
0010001300153A0000180770000100000012286907 ISAQUE MILLARD PEREIRA                            11072024BRL000000000000000000000000028800                    00000000000000000000000                                                    0          
0010001300154B   100008766577659                                                                                               11072024000000000000000000000000000000000000000000000000000000000000000000000000000               0      00000000
0010001300155A0000182600000100000188393004 LAIS KETHLEN MARTINS DIAS                         11072024BRL000000000000000000000000028800                    00000000000000000000000                                                    0          
0010001300156B   100014244337628                                                                                               11072024000000000000000000000000000000000000000000000000000000000000000000000000000               0      00000000
0010001300157A0000182600000100004166415530 LOYARAH KAMILLE DE SOUZA                          11072024BRL000000000000000000000000028800                    00000000000000000000000                                                    0          
0010001300158B   100018923504670                                                                                               11072024000000000000000000000000000000000000000000000000000000000000000000000000000               0      00000000
0010001300159A0000182370398000000002090392 MATHEUS LUCAS LEANDRO LUIZ                        11072024BRL000000000000000000000000028800                    00000000000000000000000                                                    0          
0010001300160B   100015999445612                                                                                               11072024000000000000000000000000000000000000000000000000000000000000000000000000000               0      00000000
0010001300161A0000183410317600000000905432 NAYARA LOUIS RODRIGUES DA SILV                    11072024BRL000000000000000000000000028800                    00000000000000000000000                                                    0          
0010001300162B   100011428992685                                                                                               11072024000000000000000000000000000000000000000000000000000000000000000000000000000               0      00000000
0010001300163A0000180770000100000287338320 RAI JUNIOR DA SILVA MACHADO                       11072024BRL000000000000000000000000028800                    00000000000000000000000                                                    0          
0010001300164B   100015997487628                                                                                               11072024000000000000000000000000000000000000000000000000000000000000000000000000000               0      00000000
0010001300165A0000183800000100001050651545 SABRINA MOTA CRISTIANO                            11072024BRL000000000000000000000000028800                    00000000000000000000000                                                    0          
0010001300166B   100013568592673                                                                                               11072024000000000000000000000000000000000000000000000000000000000000000000000000000               0      00000000
0010001300167A0000183180008900000063878913 SANDRO WILLIAM PEDROSA                            11072024BRL000000000000000000000000028800                    00000000000000000000000                                                    0          
0010001300168B   100004416434693                                                                                               11072024000000000000000000000000000000000000000000000000000000000000000000000000000               0      00000000
0010001300169A0000180330298000000030140454 SUELLEN SUED TANNUS MAIA                          11072024BRL000000000000000000000000028800                    00000000000000000000000                                                    0          
0010001300170B   100010217154689                                                                                               11072024000000000000000000000000000000000000000000000000000000000000000000000000000               0      00000000
0010001300171A0000183410139900000000983145 WALQUIRIA LOPES DE OLIVEIRA                       11072024BRL000000000000000000000000028800                    00000000000000000000000                                                    0          
0010001300172B   100010747649782                                                                                               11072024000000000000000000000000000000000000000000000000000000000000000000000000000               0      00000000
0010001300173A0000182600000100000702654116 ALEXSANDRA CASSIA CARDOSO                         11072024BRL000000000000000000000000045600                    00000000000000000000000                                                    0          
0010001300174B   100004129395688                                                                                               11072024000000000000000000000000000000000000000000000000000000000000000000000000000               0      00000000
0010001300175A0000182600000100000036467897 ANA PAULA CANDIDO                                 11072024BRL000000000000000000000000045600                    00000000000000000000000                                                    0          
0010001300176B   100012909706613                                                                                               11072024000000000000000000000000000000000000000000000000000000000000000000000000000               0      00000000
0010001300177A0000180330304000000010890386 ANA PAULA ROCHA DAS NEVES                         11072024BRL000000000000000000000000045600                    00000000000000000000000                                                    0          
0010001300178B   100004269412682                                                                                               11072024000000000000000000000000000000000000000000000000000000000000000000000000000               0      00000000
0010001300179A0000180010163300000000430757 ARACIREMA RODRIGUES LUCIO                         11072024BRL000000000000000000000000045600                    00000000000000000000000                                                    0          
0010001300180B   100003007314690                                                                                               11072024000000000000000000000000000000000000000000000000000000000000000000000000000               0      00000000
0010001300181A0000181040292300007722095675 ARIADINA MARIA DOS SANTOS VIAN                    11072024BRL000000000000000000000000045600                    00000000000000000000000                                                    0          
0010001300182B   100003898221679                                                                                               11072024000000000000000000000000000000000000000000000000000000000000000000000000000               0      00000000
0010001300183A0000182600000100003513598103 CAROLINE VITORIA DA SILVA MORE                    11072024BRL000000000000000000000000045600                    00000000000000000000000                                                    0          
0010001300184B   100018453161690                                                                                               11072024000000000000000000000000000000000000000000000000000000000000000000000000000               0      00000000
0010001300185A0000183800000100000402838726 CATARINA MENDONCA SANTOS                          11072024BRL000000000000000000000000045600                    00000000000000000000000                                                    0          
0010001300186B   100013598632657                                                                                               11072024000000000000000000000000000000000000000000000000000000000000000000000000000               0      00000000
0010001300187A0000184130202000000044741251 DANIELA VIANA CHAVES                              11072024BRL000000000000000000000000045600                    00000000000000000000000                                                    0          
0010001300188B   100014278408650                                                                                               11072024000000000000000000000000000000000000000000000000000000000000000000000000000               0      00000000
0010001300189A0000182600000100000441120304 EREMITA APARECIDA COELHO                          11072024BRL000000000000000000000000045600                    00000000000000000000000                                                    0          
0010001300190B   100003199254632                                                                                               11072024000000000000000000000000000000000000000000000000000000000000000000000000000               0      00000000
0010001300191A0000182600000100000980962849 JAMILA APARECIDA ARAUJO DAS ME                    11072024BRL000000000000000000000000045600                    00000000000000000000000                                                    0          
0010001300192B   100006190531601                                                                                               11072024000000000000000000000000000000000000000000000000000000000000000000000000000               0      00000000
0010001300193A0000180770000100000082585385 JULIANA ALVES DE CARVALHO SILV                    11072024BRL000000000000000000000000045600                    00000000000000000000000                                                    0          
0010001300194B   100007279687695                                                                                               11072024000000000000000000000000000000000000000000000000000000000000000000000000000               0      00000000
0010001300195A0000182600000100000129272868 LORRANA DE AZEVEDO ARAUJO                         11072024BRL000000000000000000000000045600                    00000000000000000000000                                                    0          
0010001300196B   100012124367684                                                                                               11072024000000000000000000000000000000000000000000000000000000000000000000000000000               0      00000000
0010001300197A0000180330387600000010659308 LUANA YASMIN SILVA DE MOURA                       11072024BRL000000000000000000000000045600                    00000000000000000000000                                                    0          
0010001300198B   100011815986646                                                                                               11072024000000000000000000000000000000000000000000000000000000000000000000000000000               0      00000000
0010001300199A0000182600000100000619187649 MARCELLA VICTORIA MARTINS DE O                    11072024BRL000000000000000000000000045600                    00000000000000000000000                                                    0          
0010001300200B   100015303566609                                                                                               11072024000000000000000000000000000000000000000000000000000000000000000000000000000               0      00000000
0010001300201A0000180770000190000329044494 MARIA EDUARDA DA SILVA FERREIR                    11072024BRL000000000000000000000000045600                    00000000000000000000000                                                    0          
0010001300202B   100070608960667                                                                                               11072024000000000000000000000000000000000000000000000000000000000000000000000000000               0      00000000
0010001300203A0000180770000100000194488357 MARIA EDUARDA MONTEIRO                            11072024BRL000000000000000000000000045600                    00000000000000000000000                                                    0          
0010001300204B   100013597373674                                                                                               11072024000000000000000000000000000000000000000000000000000000000000000000000000000               0      00000000
0010001300205A0000182600026000000881828423 SABLINE SARANA DE OLIVEIRA PIR                    11072024BRL000000000000000000000000045600                    00000000000000000000000                                                    0          
0010001300206B   100014033547665                                                                                               11072024000000000000000000000000000000000000000000000000000000000000000000000000000               0      00000000
0010001300207A0000183800000100000374398704 SUELLEN FERREIRA DA SILVA                         11072024BRL000000000000000000000000045600                    00000000000000000000000                                                    0          
0010001300208B   100005503986512                                                                                               11072024000000000000000000000000000000000000000000000000000000000000000000000000000               0      00000000
00100015         000210000000000003297600000000000000000000000000                                                                                                                                                                               
00199999         000001000212000000                                                                                                                                                                                                             
