00100000         2166944650001200009731870126       01633000000009285850FUNDACAO DE ENSINO DE CONTAGEMBANCO DO BRASIL S/A                     11107202400000000177900000000                                                                     
00100011C9803031 2166944650001200009731870126       01633000000009285850FUNDACAO DE ENSINO DE CONTAGEM                                                                                                                                          
0010001300001A0000181040164000000000034228 ANA THEREZA ALEXANDRINA DAMASI                    11072024BRL000000000000000000000000028800                    00000000000000000000000                                                    0          
0010001300002B   100005035426602                                                                                               11072024000000000000000000000000000000000000000000000000000000000000000000000000000               0      00000000
0010001300003A0000181040152900000000190161 GABRIEL SILVA MIRANDA                             11072024BRL000000000000000000000000028800                    00000000000000000000000                                                    0          
0010001300004B   100011138150606                                                                                               11072024000000000000000000000000000000000000000000000000000000000000000000000000000               0      00000000
0010001300005A0000181040152900000000890082 GIZELE GONZAGA SILVA                              11072024BRL000000000000000000000000028800                    00000000000000000000000                                                    0          
0010001300006B   100001384905626                                                                                               11072024000000000000000000000000000000000000000000000000000000000000000000000000000               0      00000000
0010001300007A0000181040388000009476847749 SABRINA NEVES QUERUBINO                           11072024BRL000000000000000000000000028800                    00000000000000000000000                                                    0          
0010001300008B   100009622235654                                                                                               11072024000000000000000000000000000000000000000000000000000000000000000000000000000               0      00000000
0010001300009A0000181040089300008577789991 TALITA CAROLINE DE SOUZA BATIS                    11072024BRL000000000000000000000000028800                    00000000000000000000000                                                    0          
0010001300010B   100008997158694                                                                                               11072024000000000000000000000000000000000000000000000000000000000000000000000000000               0      00000000
0010001300011A0000181040089300008545734580 VERONICA ANASTACIA PEREIRA PER                    11072024BRL000000000000000000000000028800                    00000000000000000000000                                                    0          
0010001300012B   100014061638645                                                                                               11072024000000000000000000000000000000000000000000000000000000000000000000000000000               0      00000000
0010001300013A0000181040152900007662852572 ANNE CARDENAS MORENO LIMA                         11072024BRL000000000000000000000000028800                    00000000000000000000000                                                    0          
0010001300014B   100012065948612                                                                                               11072024000000000000000000000000000000000000000000000000000000000000000000000000000               0      00000000
0010001300015A0000181040089300000002814755 JONAS ROCHA DUTRA                                 11072024BRL000000000000000000000000028800                    00000000000000000000000                                                    0          
0010001300016B   100004037603640                                                                                               11072024000000000000000000000000000000000000000000000000000000000000000000000000000               0      00000000
0010001300017A0000181040128800007677334742 JULIA PEREIRA DALCIM                              11072024BRL000000000000000000000000028800                    00000000000000000000000                                                    0          
0010001300018B   100015030828656                                                                                               11072024000000000000000000000000000000000000000000000000000000000000000000000000000               0      00000000
0010001300019A0000181040388000009342553228 MONICA JOELMA DA CUNHA                            11072024BRL000000000000000000000000028800                    00000000000000000000000                                                    0          
0010001300020B   100004796595678                                                                                               11072024000000000000000000000000000000000000000000000000000000000000000000000000000               0      00000000
0010001300021A0000181040242700000001211870 KATHLEEN HABIB MOREIRA MUNIZ                      11072024BRL000000000000000000000000028800                    00000000000000000000000                                                    0          
0010001300022B   100014102683658                                                                                               11072024000000000000000000000000000000000000000000000000000000000000000000000000000               0      00000000
0010001300023A0000181040089300000000431387 LUCINEIA LEOCADIO MAIA                            11072024BRL000000000000000000000000028800                    00000000000000000000000                                                    0          
0010001300024B   100007725775609                                                                                               11072024000000000000000000000000000000000000000000000000000000000000000000000000000               0      00000000
0010001300025A0000181040379700007395090960 LYON EDUARDO DE JESUS OLIVEIRA                    11072024BRL000000000000000000000000028800                    00000000000000000000000                                                    0          
0010001300026B   100070206808607                                                                                               11072024000000000000000000000000000000000000000000000000000000000000000000000000000               0      00000000
0010001300027A0000183410309600000000544196 MARCIA REGINA DOS SANTOS                          11072024BRL000000000000000000000000028800                    00000000000000000000000                                                    0          
0010001300028B   100089597761653                                                                                               11072024000000000000000000000000000000000000000000000000000000000000000000000000000               0      00000000
0010001300029A0000181040089300008701969950 RAFAEL JOAQUIM  CARVALHO DOS A                    11072024BRL000000000000000000000000028800                    00000000000000000000000                                                    0          
0010001300030B   100012323937626                                                                                               11072024000000000000000000000000000000000000000000000000000000000000000000000000000               0      00000000
0010001300031A0000181040294000000000340810 WANDA AUXILIADORA SYRIO MAGALH                    11072024BRL000000000000000000000000028800                    00000000000000000000000                                                    0          
0010001300032B   100046850929615                                                                                               11072024000000000000000000000000000000000000000000000000000000000000000000000000000               0      00000000
0010001300033A0000181040152900007650618170 ANDREZA DOS SANTOS SOARES                         11072024BRL000000000000000000000000028800                    00000000000000000000000                                                    0          
0010001300034B   100006083459621                                                                                               11072024000000000000000000000000000000000000000000000000000000000000000000000000000               0      00000000
0010001300035A0000181040089300008685837152 FABIANA DA CONCEICAO DIAS                         11072024BRL000000000000000000000000028800                    00000000000000000000000                                                    0          
0010001300036B   100013457733660                                                                                               11072024000000000000000000000000000000000000000000000000000000000000000000000000000               0      00000000
0010001300037A0000181040089300007743838375 ILZA FERNANDA DE MORAIS DIAS                      11072024BRL000000000000000000000000028800                    00000000000000000000000                                                    0          
0010001300038B   100001083100602                                                                                               11072024000000000000000000000000000000000000000000000000000000000000000000000000000               0      00000000
0010001300039A0000181040089300005888376775 PRISCILA DE SOUZA CARDOSO                         11072024BRL000000000000000000000000028800                    00000000000000000000000                                                    0          
0010001300040B   100007686300617                                                                                               11072024000000000000000000000000000000000000000000000000000000000000000000000000000               0      00000000
0010001300041A0000181040089300000002556322 ROZILMA DE SOUZA GAMA                             11072024BRL000000000000000000000000028800                    00000000000000000000000                                                    0          
0010001300042B   100005136553600                                                                                               11072024000000000000000000000000000000000000000000000000000000000000000000000000000               0      00000000
0010001300043A0000181040089300007664627363 SIMONE ARAUJO LANA                                11072024BRL000000000000000000000000028800                    00000000000000000000000                                                    0          
0010001300044B   100004847816692                                                                                               11072024000000000000000000000000000000000000000000000000000000000000000000000000000               0      00000000
0010001300045A0000181040218700007722943382 MARCOS HENRIQUE FERREIRA                          11072024BRL000000000000000000000000028800                    00000000000000000000000                                                    0          
0010001300046B   100005054889655                                                                                               11072024000000000000000000000000000000000000000000000000000000000000000000000000000               0      00000000
0010001300047A0000181040089300086018139400 SIMONE SOARES MOTA CRISTIANO                      11072024BRL000000000000000000000000028800                    00000000000000000000000                                                    0          
0010001300048B   100095688099615                                                                                               11072024000000000000000000000000000000000000000000000000000000000000000000000000000               0      00000000
0010001300049A0000183410693800000000276869 MATHEUS CARLOS SILVA                              11072024BRL000000000000000000000000028800                    00000000000000000000000                                                    0          
0010001300050B   100014467504699                                                                                               11072024000000000000000000000000000000000000000000000000000000000000000000000000000               0      00000000
0010001300051A0000181040388000009274382044 ADRIANA GLORIA MAIA SANTOS                        11072024BRL000000000000000000000000045600                    00000000000000000000000                                                    0          
0010001300052B   100004381226666                                                                                               11072024000000000000000000000000000000000000000000000000000000000000000000000000000               0      00000000
0010001300053A0000181040379700007745380317 ANDREIA PATRICIA TEIXEIRA                         11072024BRL000000000000000000000000045600                    00000000000000000000000                                                    0          
0010001300054B   100004782634650                                                                                               11072024000000000000000000000000000000000000000000000000000000000000000000000000000               0      00000000
0010001300055A0000181040388000008319374985 MARIA EDUARDA NICOLE OLIVEIRA                     11072024BRL000000000000000000000000045600                    00000000000000000000000                                                    0          
0010001300056B   100013916154680                                                                                               11072024000000000000000000000000000000000000000000000000000000000000000000000000000               0      00000000
0010001300057A0000181040388000007399778710 MARIA LUIZA MAIA SOARES LIMA                      11072024BRL000000000000000000000000045600                    00000000000000000000000                                                    0          
0010001300058B   100013711836607                                                                                               11072024000000000000000000000000000000000000000000000000000000000000000000000000000               0      00000000
0010001300059A0000181040242700008575653499 MICHELLE LEANDRA RODRIGUES                        11072024BRL000000000000000000000000045600                    00000000000000000000000                                                    0          
0010001300060B   100007526412638                                                                                               11072024000000000000000000000000000000000000000000000000000000000000000000000000000               0      00000000
0010001300061A0000181040089300008553743177 SIMONE MARTINS DOS REIS                           11072024BRL000000000000000000000000045600                    00000000000000000000000                                                    0          
0010001300062B   100089568524649                                                                                               11072024000000000000000000000000000000000000000000000000000000000000000000000000000               0      00000000
0010001300063A0000181040089300000001038417 TAIS RODRIGUES PRATES                             11072024BRL000000000000000000000000045600                    00000000000000000000000                                                    0          
0010001300064B   100014584264678                                                                                               11072024000000000000000000000000000000000000000000000000000000000000000000000000000               0      00000000
0010001300065A0000181040294000008331615911 TAMARA LIMA SANTOS                                11072024BRL000000000000000000000000045600                    00000000000000000000000                                                    0          
0010001300066B   100011213151600                                                                                               11072024000000000000000000000000000000000000000000000000000000000000000000000000000               0      00000000
0010001300067A0000181040102200007750117750 THEICCY EMANUELLE GONCALVES DE                    11072024BRL000000000000000000000000045600                    00000000000000000000000                                                    0          
0010001300068B   100011946302600                                                                                               11072024000000000000000000000000000000000000000000000000000000000000000000000000000               0      00000000
0010001300069A0000181040294000007734373314 VALDEISE KATIA DE MEIRA                           11072024BRL000000000000000000000000045600                    00000000000000000000000                                                    0          
0010001300070B   100001257425684                                                                                               11072024000000000000000000000000000000000000000000000000000000000000000000000000000               0      00000000
0010001300071A0000181040242700007710350110 DANIELLE REGINA DINIZ FERREIRA                    11072024BRL000000000000000000000000045600                    00000000000000000000000                                                    0          
0010001300072B   100006023904602                                                                                               11072024000000000000000000000000000000000000000000000000000000000000000000000000000               0      00000000
00100015         000074000000000001221600000000000000000000000000                                                                                                                                                                               
00199999         000001000076000000                                                                                                                                                                                                             
